2722 4146
332 293 364 334 2
870 268 946 331 C.
1016 267 1325 327 CRISPI
1391 264 1880 327 SALLUSTII

1350 557 1423 609 ΙΙ.

654 691 938 754 GITUR
989 690 1167 752 initio
1204 712 1375 776 reges
1409 689 1579 775 (nam
1620 688 1685 751 in
1728 689 1897 752 terris
1939 712 2171 753 nomen
2209 691 2451 779 imperii

328 1066 516 1131 ditate
555 1066 897 1154 agitabatur
916 1093 936 1146 3
995 1066 1100 1131 sua
1144 1067 1370 1154 cuique
1410 1064 1544 1129 satis
1583 1063 1929 1155 placebant.
2047 1065 2264 1131 Postea
2307 1090 2453 1130 vero

699 814 763 879 id
794 816 1066 903 primum
1100 812 1238 901 fuit)
1272 810 1507 892 diverfi,
1541 837 1676 902 pars
1714 814 2058 901 ingenium,
2092 813 2195 879 alii
2226 840 2450 904 corpus

704 940 1090 1005 exercebant.
1189 941 1395 1004 Etiam
1429 956 1565 1003 turn
1596 941 1719 1003 vita
1751 938 2080 1004 hominum
2112 938 2238 1004 fine
2272 942 2452 1030 cupi-

329 1216 518 1280 quam
551 1194 615 1257 in
649 1191 796 1257 Asia
827 1196 1046 1282 CyruS,
1080 1195 1144 1257 in
1190 1193 1426 1257 Graecia
1460 1192 1913 1258 Lacedaemonii
1950 1210 2014 1258 et
2045 1191 2453 1258 Athenienses

330 1343 571 1406 coepere
603 1318 781 1383 urbes
825 1336 1010 1408 atque
1045 1321 1322 1384 nationes
1367 1318 1663 1406 subigere,
1697 1319 2044 1385 lubidinem
2088 1320 2456 1385 dominandi

330 1443 598 1508 cauffam
631 1443 775 1508 belli
806 1443 1051 1525 habere,
1085 1469 1444 1509 maxumam
1477 1443 1739 1533 gloriam
1771 1448 1837 1510 in
1871 1471 2168 1511 maxumo
2193 1448 2455 1536 imperio

331 1587 545 1659 putare
573 1598 589 1634 ε
641 1588 777 1634 tum
808 1571 1065 1635 demum
1096 1570 1372 1661 periculo
1404 1587 1591 1660 atque
1623 1574 1884 1660 negotiis
1918 1589 2312 1661 compertum
2345 1570 2454 1652 est,

333 1697 397 1760 in
430 1694 594 1760 bello
625 1695 965 1785 plurimum
996 1700 1319 1786 ingenium
1351 1697 1540 1787 poffe.

428 1821 669 1911 Qodfi
699 1848 919 1912 regum
951 1841 1136 1914 atque
1170 1827 1615 1914 imperatorum
1640 1826 1832 1890 animi
1855 1827 2042 1890 virtus
2073 1826 2139 1890 in
2164 1849 2317 1915 pace
2349 1826 2457 1904 ita,

336 1950 430 2012 uti
477 1951 542 2013 in
590 1949 775 2029 bello,
823 1949 1071 2030 valeret,
1121 1950 1478 2040 aequabilius
1530 1971 1716 2041 atque
1772 1950 2147 2016 constantius
2202 1950 2320 2016 sese
2367 1975 2460 2016 res

336 2074 619 2140 humanae
669 2074 987 2157 haberent,
1036 2102 1240 2166 neque
1283 2077 1451 2143 aliud
1495 2077 1617 2143 alio
1664 2076 1828 2157 ferri,
1867 2102 2072 2166 neque
2117 2079 2341 2143 mutari
2386 2101 2460 2142 ac

338 2201 576 2266 misceri
619 2204 829 2268 omnia
867 2228 1163 2268 cerneres,
1281 2209 1451 2269 Nam
1494 2206 1826 2293 imperium
1874 2202 2053 2268 facile
2098 2203 2191 2269 his
2232 2204 2461 2269 artibus

339 2331 656 2408 retinetur,
699 2329 920 2418 quibus
962 2333 1140 2395 initio
1180 2348 1428 2420 partum
1468 2329 1575 2399 est.
1680 2333 1918 2395 Verum
1956 2330 2066 2394 ubi
2103 2355 2217 2420 pro
2255 2329 2465 2396 labore
2563 2364 2568 2367 -

343 2453 592 2534 defidia,
615 2480 727 2544 pro
761 2459 1143 2522 continentia
1176 2475 1239 2522 et
1269 2460 1554 2546 aequitate
1587 2456 1805 2522 lubido
1836 2474 2022 2546 atque
2054 2457 2335 2547 superbia
2365 2459 2465 2523 in-

342 2580 563 2661 vasere,
589 2580 837 2647 fortuna
860 2580 1042 2648 fimul
1068 2609 1215 2648 cum
1239 2584 1513 2648 moribus
1537 2585 1921 2648 immutatur.
2016 2588 2110 2648 Ita
2134 2585 2468 2673 imperium

345 2707 580 2796 semper
612 2707 690 2772 ad
722 2726 1056 2798 optumum
1088 2735 1403 2800 quemque
1437 2736 1473 2775 a
1504 2712 1707 2775 minus
1739 2710 1906 2774 bono
1932 2709 2308 2775 transfertur.

440 2838 593 2923 Qae
650 2832 932 2900 homines
988 2853 1182 2917 arant,
1240 2839 1550 2925 navigant,
1602 2831 1933 2915 aedificant,
1989 2836 2197 2899 virtuti
2258 2836 2470 2900 omnia

351 2975 584 3046 parent.
704 2960 825 3024 Sed
878 2960 1061 3026 multi
1123 2961 1432 3043 mortaleS,
1490 2963 1683 3028 dediti
1733 2964 1931 3027 ventri
1987 2979 2174 3050 atque
2230 2961 2469 3042 somne,

352 3083 584 3147 indocti
608 3084 950 3175 incultique
984 3090 1197 3169 vitam,
1225 3087 1401 3154 ficuti
1434 3092 1912 3179 peregrinanteS,
1947 3086 2232 3153 transiere
2261 3116 2276 3153 ε
2328 3091 2471 3178 qui—

356 3208 465 3272 bus
510 3208 784 3297 profecto
829 3230 1042 3278 contra
1085 3233 1368 3281 naturam
1408 3241 1629 3306 corpus
1677 3214 2004 3304 voluptati,
2053 3217 2259 3279 anima
2301 3216 2474 3279 oneri

357 3331 495 3403 fuit.
593 3340 829 3402 Eorum
867 3363 985 3426 ego
1018 3343 1204 3406 vitam
1237 3361 1629 3432 mortemque
1656 3341 1838 3431 juxta
1869 3339 2142 3419 aestumO,
2175 3341 2474 3428 quoniam

358 3460 436 3524 de
469 3478 727 3550 utraque
766 3461 991 3530 filetur.
1089 3470 1326 3533 Verum
1356 3472 1672 3534 enimvero
1718 3470 1764 3532 is
1797 3467 2054 3532 demum
2096 3466 2251 3531 mihi
2275 3468 2473 3532 vivere
