2722 4146
696 308 1092 370 BELLUM
1155 309 1932 396 JUGURTHINUM.
2246 331 2374 392 129

199 523 202 526 -
250 483 315 545 in
363 479 631 545 hibernis
680 499 955 570 praeerat,
1003 480 1235 547 laxiore
1284 485 1570 571 imperiO,
1613 508 1804 572 quarn
1852 501 2055 563 antea,
2105 483 2370 549 habere:

249 606 416 695 apud
472 610 909 694 negotiatoreS,
966 633 1236 697 quorum
1293 634 1522 697 magna
1574 609 1915 675 multitudo
1974 612 2170 675 Uticae
2222 629 2373 690 erat,

250 732 571 797 criminose
616 731 796 797 fimul
840 751 904 798 et
950 732 1283 822 magnifice
1323 736 1401 800 de
1446 735 1610 800 bello
1653 737 1868 826 loqui:
1934 737 2189 802 dimidia
2238 763 2374 827 pars

249 859 550 923 exercitus
592 855 640 922 fi
687 857 797 923 fibi
835 862 1313 951 permitteretur,
1364 863 1575 950 paucis
1620 862 1836 926 diebus
1879 861 2259 954 Jugurtham
2306 865 2372 928 in

249 986 479 1049 catenis
535 984 932 1050 habiturum:
1006 986 1084 1051 ab
1135 990 1506 1078 imperatore
1563 988 1844 1054 consulto
1901 989 2136 1054 bellum
2192 989 2371 1070 trahi,

247 1110 441 1200 quod,
522 1109 717 1176 homo
793 1114 990 1177 inanis
1069 1130 1134 1178 et
1211 1116 1390 1202 regiae
1473 1114 1786 1204 superbiae,
1865 1118 2129 1207 imperio
2191 1120 2372 1183 nimis

246 1237 562 1326 gauderet.
679 1243 834 1328 Qae
887 1242 1100 1304 omnia
1147 1239 1264 1304 illis
1316 1265 1394 1304 eo
1445 1238 1722 1308 firmiora
1769 1244 2155 1324 videbantur,
2201 1245 2374 1333 quod

246 1365 648 1431 diuturnitate
683 1364 830 1430 belli
860 1391 954 1431 res
988 1364 1299 1431 familiaris
1325 1387 1747 1458 corruperant,
1769 1387 1832 1435 et
1861 1373 2072 1435 animo
2098 1373 2374 1461 cupienti

246 1489 403 1555 nihil
435 1489 569 1555 satis
601 1489 942 1561 festinatur.

1239 1745 1407 1799 LXV.

281 1875 369 1884 ⁶-
417 1877 525 1891 ⁴-

266 1898 309 1995 μ
349 1892 543 2012 “ff
568 1873 755 1935 RAT
786 1888 1076 1960 praeterea
1114 1873 1179 1936 in
1212 1873 1487 1936 exercitu
1531 1868 1738 1935 nostro
1780 1870 2064 1936 Numida
2096 1871 2374 1960 quidam,

258 2008 278 2025 ⁹
350 2027 435 2083 vy·
544 2079 550 2085 L
611 2000 866 2063 nomine
947 1999 1192 2078 Gauda,
1274 1996 1707 2062 Mastanabalis
1786 1995 1972 2077 filius,
2054 1997 2375 2064 Mafiniffae

404 2092 405 2095 Ἴ
611 2148 845 2214 nepos;
895 2150 1087 2214 quem
1120 2124 1384 2214 Micipsa
1423 2123 1790 2189 testamento
1821 2123 2164 2189 secundum
2195 2123 2377 2190 here—

246 2248 394 2313 dem
439 2248 770 2339 scripserat,
812 2252 1041 2316 morbis
1087 2250 1426 2331 confee‘cuS,
1460 2269 1524 2316 et
1560 2251 1641 2315 ob
1675 2275 1815 2315 eam
1859 2251 2127 2315 cauffam
2165 2269 2375 2317 mente

246 2374 529 2464 paullum
572 2379 924 2444 imminuta.
1022 2381 1147 2443 Cui
1190 2377 1506 2458 MetelluS,
1540 2379 1799 2466 petenti,
1839 2402 2013 2441 more
2057 2401 2275 2465 regum
2315 2396 2378 2443 et

244 2501 455 2568 sellam
493 2503 674 2592 juxta
725 2522 1005 2595 poneret,
1058 2508 1207 2570 item
1262 2503 1468 2594 postea
1518 2502 1804 2568 custodiae
1854 2503 2055 2568 cauffa
2105 2519 2373 2570 turmam

245 2631 529 2718 equitum
564 2635 1022 2712 Romanorum,
1056 2649 1394 2721 utrumque
1425 2646 1792 2718 negaverat:
1843 2629 2171 2710 honorem,
2199 2633 2374 2720 quod

243 2781 463 2821 eorum
485 2758 678 2822 modo
699 2756 880 2838 foret,
901 2782 1056 2847 quos
1082 2758 1349 2848 populus
1373 2764 1696 2823 Romanus
1721 2779 1893 2843 reges
1918 2754 2337 2845 appellaviffet
2345 2783 2366 2836 3

244 2881 615 2972 praefidium,
668 2885 842 2973 quod
893 2884 1414 2950 contumeliosum
1471 2882 1651 2963 foret,
1706 2880 1752 2947 fi
1802 2885 2037 2972 equites
2097 2887 2372 2950 Romani

244 3006 525 3073 satellites
560 3010 854 3074 Numidae
888 3011 1288 3076 traderentur.
1367 3015 1566 3076 Hunc
1598 3013 1832 3076 Marius
1865 3014 2119 3076 anxium
2150 3035 2370 3101 aggre—

245 3134 411 3200 ditur
442 3154 628 3225 atque
661 3136 961 3218 hortatur,
987 3141 1081 3203 uti
1114 3138 1632 3204 contumeliarum
1665 3141 2047 3228 imperatoris
2081 3164 2229 3205 cum
2261 3141 2370 3206 suo

245 3261 475 3326 auxilio
523 3288 735 3352 poenas
786 3281 997 3353 petat3
1063 3265 1409 3346 hominem,
1460 3266 1541 3331 ob
1594 3265 1842 3330 morbos
1890 3268 2102 3330 animo
2148 3291 2367 3356 parum

244 3387 472 3468 valide,
522 3388 792 3455 secunda
847 3394 1125 3458 oratione
1174 3392 1454 3458 extollit:
1530 3391 1710 3456 illum
1760 3417 1994 3480 regem,
2051 3394 2370 3480 ingentem

247 3514 469 3592 virum,
526 3512 850 3580 Mafiniffae
912 3535 1206 3606 nepotem
1269 3518 1427 3583 effe:
1509 3516 1557 3584 fi
1618 3518 1932 3611 Jugurtha
1995 3536 2210 3609 captus
2266 3537 2374 3585 aut

246 3636 483 3702 occisus
517 3636 698 3718 foret,
731 3641 1065 3728 imperium
1100 3643 1416 3708 Numidiae
1451 3641 1579 3710 fine
1611 3671 1787 3712 mora
1822 3645 2199 3712 habiturum.
2297 3646 2367 3711 Id

1407 3795 1432 3834 S
