2722 4146
1005 280 1532 344 CATILINA.
2248 307 2329 368 29

214 457 446 524 sceleris
479 456 755 521 conscius
788 455 956 535 esset,
987 455 1090 520 sed
1122 457 1214 519 uti
1245 453 1585 544 respublica
1617 457 1828 544 quieta
1860 454 2039 537 foret,
2074 482 2226 522 neve
2259 483 2333 523 ex

213 584 318 649 sua
372 585 771 648 contentione
827 582 1040 648 seditio
1091 579 1406 648 oriretur.''
1524 583 1628 647 Ab
1685 582 1776 647 his
1832 582 2020 672 longe
2078 586 2333 651 diversas

213 711 413 776 literas
469 714 565 800 Q
619 707 878 774 Catulus
941 712 1005 774 in
1062 713 1287 773 Senatu
1350 710 1645 787 recitavit,
1703 733 1855 796 quas
1909 708 2020 774 fibi
2080 714 2334 776 nomine

214 837 494 903 Catilinae
533 836 798 901 redditas
840 836 1085 902 dicebat
1103 863 1124 916 3
1188 861 1401 902 earum
1445 834 1803 925 exemplum
1846 835 2004 903 infra
2043 837 2335 928 scriptum

213 963 319 1030 est.

1165 1218 1391 1271 XXXV.

568 1347 1005 1411 CATILINA
1067 1349 1165 1434 Q
1205 1342 1457 1409 Catulo.
1573 1346 1839 1431 Egregia
1894 1361 2002 1409 tua
2065 1342 2217 1410 fides
2273 1371 2337 1410 re

214 1338 528 1656 Q
575 1472 845 1558 cognita,
902 1487 1141 1559 gratam
1203 1471 1360 1536 mihi
1419 1472 1486 1534 in
1547 1473 1786 1558 magnis
1847 1473 1998 1537 meis
2054 1471 2339 1561 periculis

533 1614 546 1628 ·
575 1592 875 1661 fiduciam
937 1598 1472 1664 commendationi
1532 1624 1683 1665 meae
1746 1601 1978 1666 tribuit.
2102 1607 2343 1691 Qam-

217 1721 431 1786 obrem
461 1719 888 1789 defensionem
918 1726 984 1788 in
1016 1748 1180 1789 novo
1214 1723 1474 1789 confilio
1507 1750 1636 1790 non
1669 1724 1849 1790 statui
1879 1751 2130 1815 parare:
2178 1726 2341 1792 satis-

215 1846 548 1916 factionem
589 1874 666 1914 ex
705 1849 877 1915 nulla
913 1850 1284 1915 conscientia
1319 1849 1396 1915 de
1441 1848 1627 1939 culpa
1669 1875 2015 1940 proponere
2055 1851 2340 1916 decrevi:

215 1999 428 2065 quam,
459 1976 702 2042 medius
741 1974 946 2057 fidius,
981 2000 1189 2041 veram
1227 1974 1376 2039 licet
1422 1969 1774 2063 cognoscas,
1897 1975 2139 2073 Injuriis
2183 2002 2338 2042 con-

215 2100 604 2190 tumeliisque
638 2104 1002 2182 concitatuS,
1028 2102 1223 2192 quod,
1250 2099 1451 2167 fru&u
1482 2100 1703 2167 laboris
1729 2101 2158 2193 industriaeque
2191 2128 2341 2169 meae

217 2228 505 2316 privatuS‚
539 2227 802 2315 gradum
834 2227 1147 2315 dignitatis
1186 2253 1317 2292 non
1362 2227 1742 2310 obtinebam,
1776 2228 2094 2320 publicam
2132 2230 2342 2295 miser-

218 2377 401 2416 orum
434 2352 701 2418 cauffam
744 2378 858 2443 pro
896 2378 1036 2419 mea
1079 2354 1526 2420 consuetudine
1565 2355 1839 2446 suscepi:
1899 2381 2028 2421 non
2073 2358 2226 2445 quin
2270 2382 2344 2420 aes

218 2479 493 2545 alienum
543 2482 695 2544 meis
750 2480 1105 2545 nominibus
1154 2505 1232 2546 ex
1283 2481 1745 2571 poffeffionibus
1801 2482 2029 2547 solvere
2085 2483 2342 2572 poffem,

219 2630 418 2695 quum
461 2622 524 2671 et
561 2605 772 2671 alienis
811 2606 1166 2672 nominibus
1205 2606 1532 2674 liberalitas
1582 2607 1878 2673 Orestillae
1924 2608 2037 2673 suis
2077 2607 2343 2698 filiaeque

219 2735 411 2822 copiis
465 2732 876 2822 persolveret:
943 2733 1046 2798 sed
1094 2734 1266 2822 quod
1316 2760 1447 2799 non
1496 2735 1714 2822 dignos
1767 2734 2050 2800 homines
2106 2734 2343 2800 honore

218 2857 568 2925 honestatos
616 2858 921 2939 videbam,
975 2884 1202 2949 meque
1253 2859 1399 2926 falsa
1449 2860 1788 2950 suspicione
1838 2860 2173 2926 alienatum
2224 2862 2342 2927 effe

218 2985 571 3051 sentiebam.
670 2990 819 3050 Hoc
867 2989 1122 3050 nomine
1172 2987 1305 3052 satis
1354 2986 1637 3053 honestas
1686 3013 1799 3076 pro
1844 3013 1986 3052 meo
2031 2987 2169 3053 casu
2214 2988 2341 3078 spes

217 3111 464 3201 reliquae
514 3113 828 3200 dignitatis
876 3113 1298 3179 conservandae
1355 3114 1489 3179 sum
1542 3114 1801 3179 secutus.
1917 3114 2102 3180 Plura
2146 3140 2343 3204 quum

218 3238 472 3304 scribere
521 3238 767 3318 vellem,
824 3243 1190 3305 nunciatum
1245 3239 1352 3320 est,
1411 3239 1565 3305 mihi
1618 3242 1744 3305 vim
1798 3243 2013 3330 parari.
2146 3247 2213 3306 N
2217 3268 2341 3307 unc

223 3363 572 3430 Orestillam
597 3366 708 3430 tibi
732 3367 1109 3431 commendo
1135 3385 1378 3456 tuaeque
1403 3365 1553 3432 fidei
1584 3368 1798 3447 trad03
1850 3393 1989 3433 eam
2015 3368 2090 3433 ab
2121 3368 2341 3456 injuria

223 3489 538 3572 defenda8‚
572 3517 680 3582 per
712 3491 932 3558 liberos
965 3511 1101 3558 tuos
1132 3512 1400 3582 rogatus·
1499 3494 1806 3559 Havet0.”
