2722 4146
650 335 1044 397 BELLUM
1110 333 1892 422 JUGURTHINUM.
2248 336 2335 416 69

217 510 414 574 bonus
462 504 718 573 consilio
737 534 757 587 3
826 532 1096 597 quorum
1143 506 1406 572 alterum
1455 533 1532 572 ex
1584 508 1966 599 providentia
2024 508 2332 586 timorem,

212 635 475 702 alterum
496 660 573 700 ex
591 634 849 699 audacia
870 637 1277 700 temeritatem
1297 634 1666 725 plerumque
1689 632 1905 700 afferre
1926 633 2094 698 solet.
2138 636 2336 722 Igitur

209 764 542 851 imperator
598 763 799 825 omnis
852 758 979 826 fere
1026 786 1118 827 res
1167 761 1402 851 asperas
1451 785 1562 850 per
1609 758 1988 852 Jugurtham
2033 784 2235 848 agere,
2268 761 2334 824 in

208 889 419 952 amicis
451 886 698 967 habere,
724 889 918 974 magis
950 885 1265 975 magisque
1291 910 1438 950 eum
1470 887 1535 949 in
1561 885 1688 950 dies
1721 883 2050 974 amplecti:
2101 887 2335 975 quippe

210 1011 385 1101 cujus
433 1036 638 1101 neque
687 1008 1014 1076 confilium
1061 1035 1266 1100 neque
1315 1013 1636 1101 inceptum
1679 1010 1881 1076 ullum
1928 1009 2144 1077 frustra
2186 1029 2333 1077 erat.

210 1143 362 1204 Huc
392 1138 728 1203 accedebat
769 1134 1202 1202 munificentia
1240 1140 1433 1203 animi
1464 1155 1527 1203 et
1560 1140 1794 1226 ingenii
1827 1137 2087 1218 solertia,
2114 1139 2336 1228 quibus

208 1264 387 1330 rebus
418 1261 529 1328 fibi
558 1262 787 1328 multos
819 1287 898 1328 ex
933 1265 1234 1328 Romanis
1268 1262 1555 1329 familiari
1586 1266 1859 1330 amicitia
1890 1264 2315 1355 conjunxerat.

1194 1644 1350 1697 VIII.

502 1777 590 1836 Α
638 1769 996 1861 tempestate
1040 1772 1106 1835 in
1156 1772 1429 1835 exercitu
1477 1769 1685 1837 nostro
1737 1770 1909 1838 fuere
1962 1770 2336 1862 complure8‚

573 1901 717 1963 novi
740 1915 926 1987 atque
951 1896 1209 1977 nobile8‚
1236 1897 1458 1986 quibus
1491 1899 1713 1964 divitiae
1749 1900 1918 1965 bono
1949 1899 2336 1989 honestoque

571 2027 839 2115 potiores
871 2041 1066 2104 erant,
1101 2021 1356 2104 factiosi,
1392 2023 1566 2088 domi
1598 2040 1903 2112 potenteS,
1937 2024 2107 2114 apud
2144 2023 2337 2088 socios

209 2147 357 2214 clari
405 2153 598 2239 magis
649 2175 838 2240 quam
890 2149 1169 2215 honesti:
1239 2153 1349 2240 qui
1399 2149 1725 2243 Jugurthae
1774 2175 1904 2215 non
1956 2151 2337 2216 mediocrem

209 2276 492 2341 animum
534 2276 945 2366 pollicitando
977 2276 1421 2358 accendebant,
1455 2275 1504 2342 fi
1548 2276 1808 2366 Micipsa
1851 2301 1958 2341 rex
2000 2277 2336 2356 occidisset,

208 2398 363 2481 fore,
389 2403 482 2466 uti
505 2401 664 2467 solus
696 2405 960 2492 imperio
985 2406 1053 2467 N
1056 2402 1304 2467 umidiae
1341 2405 1680 2492 potiretur:
1726 2405 1792 2468 in
1825 2402 1954 2492 ipso
1979 2428 2338 2468 maxumam

207 2528 518 2608 virtutem,
543 2532 760 2593 Romae
781 2531 993 2594 omnia
1011 2528 1249 2594 venalia
1269 2529 1407 2596 effe.
1475 2530 1594 2594 Sed
1615 2529 1966 2619 postquam,
1991 2533 2340 2595 Numantia

209 2652 430 2734 deleta,
487 2658 556 2720 P.
611 2657 818 2744 Scipio
870 2655 1183 2721 dimittere
1234 2655 1463 2722 auxilia
1514 2674 1578 2722 et
1627 2656 1752 2746 ipse
1804 2659 2024 2722 reverti
2076 2657 2335 2722 domum

207 2780 513 2846 decrevit:
565 2781 871 2846 donatum
919 2799 1106 2871 atque
1138 2782 1464 2848 laudatum
1506 2781 1841 2872 magnifice
1886 2808 1999 2873 pro
2032 2784 2335 2847 concione

205 2906 584 2999 Jugurtham
616 2910 680 2972 in
713 2910 1068 2997 praetorium
1111 2909 1391 2988 adduxit,
1425 2908 1635 2997 ibique
1681 2908 1911 2972 secreto
1943 2907 2209 2985 monuit,
2242 2909 2336 2970 uti

206 3036 410 3123 potius
439 3034 710 3124 publice,
745 3060 936 3124 quam
967 3038 1275 3125 privatim,
1310 3037 1649 3100 amicitiam
1694 3033 1912 3124 populi
1946 3038 2026 3099 R.
2063 3033 2333 3098 coleret:

205 3185 329 3226 neu
362 3161 584 3250 quibus
617 3161 822 3249 largiri
853 3161 1235 3227 insuesceret.
1311 3160 1657 3226 Periculose
1684 3185 1720 3225 a
1751 3162 1961 3249 paucis
1987 3162 2134 3240 emi,
2161 3162 2331 3249 quod

204 3288 549 3354 multorum
580 3289 746 3354 effet.
827 3291 885 3354 Si
917 3314 1280 3378 permanere
1304 3288 1492 3354 vellet
1522 3291 1586 3353 in
1619 3288 1735 3352 suis
1768 3288 2017 3368 artibus,
2045 3288 2210 3353 ultro
2243 3287 2334 3352 illi

205 3431 270 3479 et
303 3413 564 3502 gloriam
596 3432 660 3480 et
701 3439 967 3503 regnum
998 3432 1371 3481 venturum:
1425 3413 1515 3480 fin
1550 3418 1977 3505 properantius
2029 3432 2329 3505 pergeret,

204 3538 439 3606 suamet
468 3541 666 3631 ipsum
700 3546 967 3632 pecunia
999 3545 1377 3633 praecipitem
1410 3541 1711 3607 casurum.
