<?xml version="1.0" encoding="UTF-8"?>
<!DOCTYPE html PUBLIC "-//W3C//DTD XHTML 1.0 Transitional//EN"
    "http://www.w3.org/TR/xhtml1/DTD/xhtml1-transitional.dtd">
<html xmlns="http://www.w3.org/1999/xhtml" xml:lang="en" lang="en">
 <head>
  <title>
</title>
<meta http-equiv="Content-Type" content="text/html;charset=utf-8" />
  <meta name='ocr-system' content='tesseract 3.04.00' />
  <meta name='ocr-capabilities' content='ocr_page ocr_carea ocr_par ocr_line ocrx_word'/>
</head>
<body>
  <div class='ocr_page' id='page_1' title='image "./operaquaeextanta00salluoft_0080.png"; bbox 0 0 2722 4146; ppageno 0'>
   <div class='ocr_carea' id='block_1_1' title="bbox 391 283 1981 375">
    <p class='ocr_par' dir='ltr' id='par_1_1' title="bbox 391 283 1981 375">
     <span class='ocr_line' id='line_1_1' title="bbox 391 283 1981 375; baseline -0.008 -18"><span class='ocrx_word' id='word_1_1' title='bbox 391 315 476 375; x_wconf 92' lang='lat'><strong>70</strong></span> <span class='ocrx_word' id='word_1_2' title='bbox 921 291 998 352; x_wconf 91' lang='lat' dir='ltr'><strong>C.</strong></span> <span class='ocrx_word' id='word_1_3' title='bbox 1070 286 1399 350; x_wconf 91' lang='lat' dir='ltr'>CRISPI</span> <span class='ocrx_word' id='word_1_4' title='bbox 1465 283 1981 347; x_wconf 89' lang='lat' dir='ltr'>SALLUSTII</span> 
     </span>
    </p>
   </div>
   <div class='ocr_carea' id='block_1_2' title="bbox 1405 584 1595 648">
    <p class='ocr_par' dir='ltr' id='par_1_2' title="bbox 1405 584 1595 648">
     <span class='ocr_line' id='line_1_2' title="bbox 1405 584 1595 648; baseline -0.005 -13"><span class='ocrx_word' id='word_1_5' title='bbox 1405 584 1502 635; x_wconf 85' lang='lat' dir='ltr'><strong>1x.</strong></span> <span class='ocrx_word' id='word_1_6' title='bbox 1590 644 1595 648; x_wconf 46' lang='grc'>,</span> 
     </span>
    </p>
   </div>
   <div class='ocr_carea' id='block_1_3' title="bbox 539 704 2523 794">
    <p class='ocr_par' dir='ltr' id='par_1_3' title="bbox 539 704 2523 794">
     <span class='ocr_line' id='line_1_3' title="bbox 539 704 2523 794; baseline -0.005 -13"><span class='ocrx_word' id='word_1_7' title='bbox 539 756 552 781; x_wconf 58' lang='lat' dir='ltr'>v</span> <span class='ocrx_word' id='word_1_8' title='bbox 656 725 698 770; x_wconf 41' lang='lat' dir='ltr'><strong>*x</strong></span> <span class='ocrx_word' id='word_1_9' title='bbox 717 716 803 776; x_wconf 91' lang='lat' dir='ltr'><strong>IC</strong></span> <span class='ocrx_word' id='word_1_10' title='bbox 837 710 1105 790; x_wconf 88' lang='lat' dir='ltr'><strong>locutus,</strong></span> <span class='ocrx_word' id='word_1_11' title='bbox 1133 733 1282 774; x_wconf 90' lang='lat' dir='ltr'><strong>cum</strong></span> <span class='ocrx_word' id='word_1_12' title='bbox 1314 707 1500 773; x_wconf 90' lang='lat' dir='ltr'><strong>literis</strong></span> <span class='ocrx_word' id='word_1_13' title='bbox 1534 730 1704 786; x_wconf 86' lang='lat' dir='ltr'><strong>eum,</strong></span> <span class='ocrx_word' id='word_1_14' title='bbox 1729 729 1880 794; x_wconf 89' lang='lat' dir='ltr'><strong>quas</strong></span> <span class='ocrx_word' id='word_1_15' title='bbox 1913 704 2186 794; x_wconf 90' lang='lat' dir='ltr'>Micipsae</span> <span class='ocrx_word' id='word_1_16' title='bbox 2218 705 2523 785; x_wconf 89' lang='lat' dir='ltr'><strong>redderet,</strong></span> 
     </span>
    </p>
   </div>
   <div class='ocr_carea' id='block_1_4' title="bbox 764 830 2525 924">
    <p class='ocr_par' dir='ltr' id='par_1_4' title="bbox 764 830 2525 924">
     <span class='ocr_line' id='line_1_4' title="bbox 764 830 2525 924; baseline -0.001 -22"><span class='ocrx_word' id='word_1_17' title='bbox 764 834 1013 902; x_wconf 87' lang='lat' dir='ltr'><strong>dimifit.</strong></span> <span class='ocrx_word' id='word_1_18' title='bbox 1113 840 1347 900; x_wconf 89' lang='lat' dir='ltr'><strong>Earum</strong></span> <span class='ocrx_word' id='word_1_19' title='bbox 1389 833 1691 899; x_wconf 87' lang='lat' dir='ltr'><strong>sententia</strong></span> <span class='ocrx_word' id='word_1_20' title='bbox 1732 830 1866 897; x_wconf 89' lang='lat' dir='ltr'><strong>haec</strong></span> <span class='ocrx_word' id='word_1_21' title='bbox 1905 847 2073 896; x_wconf 87' lang='lat' dir='ltr'><strong>erat:</strong></span> <span class='ocrx_word' id='word_1_22' title='bbox 2125 840 2166 871; x_wconf 90' lang='lat'><strong>“</strong></span> <span class='ocrx_word' id='word_1_23' title='bbox 2201 830 2525 924; x_wconf 83' lang='lat' dir='ltr'><strong>Jugurthae</strong></span> 
     </span>
    </p>
   </div>
   <div class='ocr_carea' id='block_1_5' title="bbox 391 705 713 1034">
    <p class='ocr_par' dir='ltr' id='par_1_5' title="bbox 391 705 713 1034">
     <span class='ocr_line' id='line_1_5' title="bbox 391 705 713 1034; baseline 0 3112"><span class='ocrx_word' id='word_1_24' title='bbox 391 705 713 1034; x_wconf 95' lang='lat' dir='ltr'><strong> </strong></span> 
     </span>
    </p>
   </div>
   <div class='ocr_carea' id='block_1_6' title="bbox 391 957 2566 2448">
    <p class='ocr_par' dir='ltr' id='par_1_6' title="bbox 391 957 2566 2448">
     <span class='ocr_line' id='line_1_6' title="bbox 766 957 2524 1047; baseline -0.001 -21"><span class='ocrx_word' id='word_1_25' title='bbox 766 964 857 1026; x_wconf 92' lang='lat' dir='ltr'><strong>tui</strong></span> <span class='ocrx_word' id='word_1_26' title='bbox 903 960 1067 1026; x_wconf 91' lang='lat' dir='ltr'><strong>bello</strong></span> <span class='ocrx_word' id='word_1_27' title='bbox 1115 961 1513 1026; x_wconf 90' lang='lat' dir='ltr'><strong>Numantino</strong></span> <span class='ocrx_word' id='word_1_28' title='bbox 1560 958 1749 1047; x_wconf 89' lang='lat' dir='ltr'><strong>longe</strong></span> <span class='ocrx_word' id='word_1_29' title='bbox 1795 982 2091 1023; x_wconf 84' lang='lat' dir='ltr'><strong>maxuma</strong></span> <span class='ocrx_word' id='word_1_30' title='bbox 2130 959 2320 1023; x_wconf 91' lang='lat' dir='ltr'><strong>virtus</strong></span> <span class='ocrx_word' id='word_1_31' title='bbox 2367 957 2524 1024; x_wconf 83' lang='lat' dir='ltr'><strong>fuit:</strong></span> 
     </span>
     <span class='ocr_line' id='line_1_7' title="bbox 392 1084 2529 1178; baseline -0.002 -25"><span class='ocrx_word' id='word_1_32' title='bbox 392 1113 582 1178; x_wconf 92' lang='lat' dir='ltr'><strong>quam</strong></span> <span class='ocrx_word' id='word_1_33' title='bbox 623 1113 758 1153; x_wconf 90' lang='lat' dir='ltr'><strong>rem</strong></span> <span class='ocrx_word' id='word_1_34' title='bbox 801 1105 974 1152; x_wconf 90' lang='lat' dir='ltr'><strong>certo</strong></span> <span class='ocrx_word' id='word_1_35' title='bbox 1006 1087 1131 1152; x_wconf 91' lang='lat' dir='ltr'><strong>scio</strong></span> <span class='ocrx_word' id='word_1_36' title='bbox 1163 1087 1275 1152; x_wconf 92' lang='lat' dir='ltr'>tibi</span> <span class='ocrx_word' id='word_1_37' title='bbox 1319 1086 1551 1175; x_wconf 90' lang='lat' dir='ltr'><strong>gaudio</strong></span> <span class='ocrx_word' id='word_1_38' title='bbox 1584 1084 1723 1154; x_wconf 85' lang='lat' dir='ltr'><strong>effe.</strong></span> <span class='ocrx_word' id='word_1_39' title='bbox 1824 1084 2026 1150; x_wconf 92' lang='lat' dir='ltr'>Nobis</span> <span class='ocrx_word' id='word_1_40' title='bbox 2058 1084 2140 1149; x_wconf 92' lang='lat' dir='ltr'><strong>ob</strong></span> <span class='ocrx_word' id='word_1_41' title='bbox 2170 1087 2388 1150; x_wconf 89' lang='lat' dir='ltr'><strong>merita</strong></span> <span class='ocrx_word' id='word_1_42' title='bbox 2423 1084 2529 1150; x_wconf 88' lang='lat' dir='ltr'><strong>sua</strong></span> 
     </span>
     <span class='ocr_line' id='line_1_8' title="bbox 391 1209 2529 1304; baseline -0.002 -24"><span class='ocrx_word' id='word_1_43' title='bbox 391 1241 563 1281; x_wconf 89' lang='lat' dir='ltr'><strong>carus</strong></span> <span class='ocrx_word' id='word_1_44' title='bbox 606 1215 730 1281; x_wconf 87' lang='lat' dir='ltr'><strong>est:</strong></span> <span class='ocrx_word' id='word_1_45' title='bbox 788 1218 879 1281; x_wconf 93' lang='lat' dir='ltr'><strong>uti</strong></span> <span class='ocrx_word' id='word_1_46' title='bbox 919 1216 1090 1282; x_wconf 91' lang='lat' dir='ltr'><strong>idem</strong></span> <span class='ocrx_word' id='word_1_47' title='bbox 1131 1217 1367 1280; x_wconf 90' lang='lat' dir='ltr'><strong>senatui</strong></span> <span class='ocrx_word' id='word_1_48' title='bbox 1415 1232 1480 1280; x_wconf 88' lang='lat' dir='ltr'><strong>et</strong></span> <span class='ocrx_word' id='word_1_49' title='bbox 1528 1211 1768 1304; x_wconf 90' lang='lat' dir='ltr'><strong>populo</strong></span> <span class='ocrx_word' id='word_1_50' title='bbox 1815 1216 2110 1277; x_wconf 93' lang='lat' dir='ltr'><strong>Romano</strong></span> <span class='ocrx_word' id='word_1_51' title='bbox 2153 1209 2248 1292; x_wconf 88' lang='lat' dir='ltr'><strong>fit,</strong></span> <span class='ocrx_word' id='word_1_52' title='bbox 2288 1211 2529 1277; x_wconf 88' lang='lat' dir='ltr'><strong>summa</strong></span> 
     </span>
     <span class='ocr_line' id='line_1_9' title="bbox 396 1338 2529 1432; baseline -0.002 -25"><span class='ocrx_word' id='word_1_53' title='bbox 396 1367 517 1432; x_wconf 90' lang='lat' dir='ltr'><strong>ope</strong></span> <span class='ocrx_word' id='word_1_54' title='bbox 551 1344 839 1407; x_wconf 85' lang='lat' dir='ltr'><strong>nitemur.</strong></span> <span class='ocrx_word' id='word_1_55' title='bbox 934 1342 1083 1407; x_wconf 93' lang='lat' dir='ltr'>Tibi</span> <span class='ocrx_word' id='word_1_56' title='bbox 1114 1341 1373 1431; x_wconf 92' lang='lat' dir='ltr'><strong>quidem</strong></span> <span class='ocrx_word' id='word_1_57' title='bbox 1406 1366 1521 1430; x_wconf 91' lang='lat' dir='ltr'><strong>pro</strong></span> <span class='ocrx_word' id='word_1_58' title='bbox 1546 1340 1749 1406; x_wconf 90' lang='lat' dir='ltr'><strong>nostra</strong></span> <span class='ocrx_word' id='word_1_59' title='bbox 1780 1342 2054 1405; x_wconf 90' lang='lat' dir='ltr'><strong>amicitia</strong></span> <span class='ocrx_word' id='word_1_60' title='bbox 2085 1338 2399 1428; x_wconf 89' lang='lat' dir='ltr'><strong>gratulor:</strong></span> <span class='ocrx_word' id='word_1_61' title='bbox 2449 1363 2529 1404; x_wconf 90' lang='lat' dir='ltr'><strong>en</strong></span> 
     </span>
     <span class='ocr_line' id='line_1_10' title="bbox 396 1465 2531 1559; baseline -0.002 -25"><span class='ocrx_word' id='word_1_62' title='bbox 396 1469 583 1534; x_wconf 90' lang='lat' dir='ltr'><strong>habes</strong></span> <span class='ocrx_word' id='word_1_63' title='bbox 608 1472 808 1534; x_wconf 90' lang='lat' dir='ltr'><strong>virum</strong></span> <span class='ocrx_word' id='word_1_64' title='bbox 842 1471 1107 1558; x_wconf 92' lang='lat' dir='ltr'><strong>dignum</strong></span> <span class='ocrx_word' id='word_1_65' title='bbox 1138 1487 1199 1535; x_wconf 91' lang='lat' dir='ltr'><strong>te</strong></span> <span class='ocrx_word' id='word_1_66' title='bbox 1226 1487 1412 1559; x_wconf 90' lang='lat' dir='ltr'><strong>atque</strong></span> <span class='ocrx_word' id='word_1_67' title='bbox 1446 1495 1562 1535; x_wconf 90' lang='lat' dir='ltr'><strong>avo</strong></span> <span class='ocrx_word' id='word_1_68' title='bbox 1589 1468 1697 1533; x_wconf 90' lang='lat' dir='ltr'><strong>suo</strong></span> <span class='ocrx_word' id='word_1_69' title='bbox 1729 1465 2101 1532; x_wconf 86' lang='lat' dir='ltr'><strong>Mafiniffa.”</strong></span> <span class='ocrx_word' id='word_1_70' title='bbox 2180 1468 2377 1555; x_wconf 86' lang='lat' dir='ltr'>Igitur</span> <span class='ocrx_word' id='word_1_71' title='bbox 2400 1490 2531 1546; x_wconf 86' lang='lat' dir='ltr'><strong>rex,</strong></span> 
     </span>
     <span class='ocr_line' id='line_1_11' title="bbox 396 1592 2531 1688; baseline -0.002 -27"><span class='ocrx_word' id='word_1_72' title='bbox 396 1597 505 1661; x_wconf 93' lang='lat' dir='ltr'><strong>ubi</strong></span> <span class='ocrx_word' id='word_1_73' title='bbox 553 1622 647 1678; x_wconf 84' lang='lat' dir='ltr'><strong>ea,</strong></span> <span class='ocrx_word' id='word_1_74' title='bbox 697 1622 832 1686; x_wconf 86' lang='lat' dir='ltr'><strong>quae</strong></span> <span class='ocrx_word' id='word_1_75' title='bbox 883 1596 1050 1662; x_wconf 69' lang='lat' dir='ltr'><strong>fama</strong></span> <span class='ocrx_word' id='word_1_76' title='bbox 1097 1614 1443 1688; x_wconf 88' lang='lat' dir='ltr'><strong>acceperat,</strong></span> <span class='ocrx_word' id='word_1_77' title='bbox 1492 1622 1570 1662; x_wconf 90' lang='lat' dir='ltr'><strong>ex</strong></span> <span class='ocrx_word' id='word_1_78' title='bbox 1618 1595 1804 1660; x_wconf 89' lang='lat' dir='ltr'><strong>literis</strong></span> <span class='ocrx_word' id='word_1_79' title='bbox 1853 1595 2236 1684; x_wconf 90' lang='lat' dir='ltr'><strong>imperatoris</strong></span> <span class='ocrx_word' id='word_1_80' title='bbox 2283 1595 2370 1658; x_wconf 90' lang='lat' dir='ltr'><strong>ita</strong></span> <span class='ocrx_word' id='word_1_81' title='bbox 2411 1592 2531 1658; x_wconf 84' lang='lat' dir='ltr'><strong>effe</strong></span> 
     </span>
     <span class='ocr_line' id='line_1_12' title="bbox 398 1717 2535 1813; baseline -0.001 -26"><span class='ocrx_word' id='word_1_82' title='bbox 398 1726 712 1812; x_wconf 88' lang='lat' dir='ltr'><strong>cognovit,</strong></span> <span class='ocrx_word' id='word_1_83' title='bbox 770 1749 970 1813; x_wconf 91' lang='lat' dir='ltr'><strong>quum</strong></span> <span class='ocrx_word' id='word_1_84' title='bbox 1035 1727 1261 1790; x_wconf 89' lang='lat' dir='ltr'><strong>virtute</strong></span> <span class='ocrx_word' id='word_1_85' title='bbox 1323 1742 1462 1790; x_wconf 92' lang='lat' dir='ltr'><strong>tum</strong></span> <span class='ocrx_word' id='word_1_86' title='bbox 1527 1725 1723 1812; x_wconf 90' lang='lat' dir='ltr'><strong>gratia</strong></span> <span class='ocrx_word' id='word_1_87' title='bbox 1785 1724 1899 1787; x_wconf 91' lang='lat' dir='ltr'><strong>viri</strong></span> <span class='ocrx_word' id='word_1_88' title='bbox 1963 1737 2304 1812; x_wconf 79' lang='lat' dir='ltr'><strong>permotu8,</strong></span> <span class='ocrx_word' id='word_1_89' title='bbox 2359 1717 2535 1786; x_wconf 86' lang='lat' dir='ltr'>flexit</span> 
     </span>
     <span class='ocr_line' id='line_1_13' title="bbox 398 1845 2532 1944; baseline -0.001 -29"><span class='ocrx_word' id='word_1_90' title='bbox 398 1853 679 1944; x_wconf 86' lang='lat' dir='ltr'><strong>animum</strong></span> <span class='ocrx_word' id='word_1_91' title='bbox 712 1851 911 1931; x_wconf 87' lang='lat' dir='ltr'><strong>suum,</strong></span> <span class='ocrx_word' id='word_1_92' title='bbox 937 1869 1002 1916; x_wconf 92' lang='lat' dir='ltr'><strong>et</strong></span> <span class='ocrx_word' id='word_1_93' title='bbox 1031 1851 1412 1943; x_wconf 89' lang='lat' dir='ltr'><strong>Jugurtham</strong></span> <span class='ocrx_word' id='word_1_94' title='bbox 1447 1847 1766 1917; x_wconf 87' lang='lat' dir='ltr'><strong>beneficiis</strong></span> <span class='ocrx_word' id='word_1_95' title='bbox 1789 1852 2036 1915; x_wconf 89' lang='lat' dir='ltr'><strong>vincere</strong></span> <span class='ocrx_word' id='word_1_96' title='bbox 2069 1847 2375 1937; x_wconf 76' lang='lat' dir='ltr'>aggressus</span> <span class='ocrx_word' id='word_1_97' title='bbox 2406 1845 2532 1914; x_wconf 87' lang='lat' dir='ltr'><strong>est:</strong></span> 
     </span>
     <span class='ocr_line' id='line_1_14' title="bbox 398 1972 2535 2067; baseline 0 -28"><span class='ocrx_word' id='word_1_98' title='bbox 398 1972 724 2064; x_wconf 88' lang='lat' dir='ltr'>statimque</span> <span class='ocrx_word' id='word_1_99' title='bbox 781 2001 929 2040; x_wconf 90' lang='lat' dir='ltr'><strong>eum</strong></span> <span class='ocrx_word' id='word_1_100' title='bbox 988 1976 1307 2067; x_wconf 92' lang='lat' dir='ltr'><strong>adoptavit</strong></span> <span class='ocrx_word' id='word_1_101' title='bbox 1361 1993 1426 2042; x_wconf 92' lang='lat' dir='ltr'><strong>et</strong></span> <span class='ocrx_word' id='word_1_102' title='bbox 1487 1975 1855 2043; x_wconf 89' lang='lat' dir='ltr'><strong>testamento</strong></span> <span class='ocrx_word' id='word_1_103' title='bbox 1906 1979 2131 2067; x_wconf 89' lang='lat' dir='ltr'><strong>pariter</strong></span> <span class='ocrx_word' id='word_1_104' title='bbox 2187 2001 2336 2041; x_wconf 92' lang='lat' dir='ltr'><strong>cum</strong></span> <span class='ocrx_word' id='word_1_105' title='bbox 2392 1972 2535 2040; x_wconf 88' lang='lat' dir='ltr'><strong>filiis</strong></span> 
     </span>
     <span class='ocr_line' id='line_1_15' title="bbox 399 2100 2536 2194; baseline 0 -29"><span class='ocrx_word' id='word_1_106' title='bbox 399 2100 694 2166; x_wconf 89' lang='lat' dir='ltr'><strong>heredem</strong></span> <span class='ocrx_word' id='word_1_107' title='bbox 726 2101 1004 2168; x_wconf 87' lang='lat' dir='ltr'>instituit.</span> <span class='ocrx_word' id='word_1_108' title='bbox 1104 2104 1225 2169; x_wconf 91' lang='lat' dir='ltr'><strong>Sed</strong></span> <span class='ocrx_word' id='word_1_109' title='bbox 1256 2103 1381 2194; x_wconf 87' lang='lat' dir='ltr'><strong>ipse</strong></span> <span class='ocrx_word' id='word_1_110' title='bbox 1414 2129 1647 2193; x_wconf 90' lang='lat' dir='ltr'><strong>paucos</strong></span> <span class='ocrx_word' id='word_1_111' title='bbox 1680 2102 1818 2193; x_wconf 92' lang='lat' dir='ltr'><strong>post</strong></span> <span class='ocrx_word' id='word_1_112' title='bbox 1841 2128 2058 2183; x_wconf 80' lang='lat' dir='ltr'><strong>annOS,</strong></span> <span class='ocrx_word' id='word_1_113' title='bbox 2094 2102 2318 2167; x_wconf 91' lang='lat' dir='ltr'><strong>morbo</strong></span> <span class='ocrx_word' id='word_1_114' title='bbox 2349 2117 2536 2191; x_wconf 89' lang='lat' dir='ltr'><strong>atque</strong></span> 
     </span>
     <span class='ocr_line' id='line_1_16' title="bbox 399 2227 2539 2319; baseline 0 -26"><span class='ocrx_word' id='word_1_115' title='bbox 399 2245 572 2293; x_wconf 85' lang='lat' dir='ltr'><strong>aetate</strong></span> <span class='ocrx_word' id='word_1_116' title='bbox 587 2227 927 2309; x_wconf 62' lang='lat' dir='ltr'><strong>confed&#39;tu8‚</strong></span> <span class='ocrx_word' id='word_1_117' title='bbox 940 2254 1141 2319; x_wconf 90' lang='lat' dir='ltr'><strong>quum</strong></span> <span class='ocrx_word' id='word_1_118' title='bbox 1162 2228 1274 2295; x_wconf 90' lang='lat' dir='ltr'><strong>fibi</strong></span> <span class='ocrx_word' id='word_1_119' title='bbox 1293 2228 1491 2295; x_wconf 88' lang='lat' dir='ltr'><strong>finem</strong></span> <span class='ocrx_word' id='word_1_120' title='bbox 1515 2232 1653 2295; x_wconf 89' lang='lat' dir='ltr'><strong>vitae</strong></span> <span class='ocrx_word' id='word_1_121' title='bbox 1674 2230 1875 2296; x_wconf 85' lang='lat' dir='ltr'><strong>adeffe</strong></span> <span class='ocrx_word' id='word_1_122' title='bbox 1896 2229 2307 2317; x_wconf 87' lang='lat' dir='ltr'><strong>intellegeret,</strong></span> <span class='ocrx_word' id='word_1_123' title='bbox 2326 2252 2539 2294; x_wconf 87' lang='lat' dir='ltr'><strong>coram</strong></span> 
     </span>
     <span class='ocr_line' id='line_1_17' title="bbox 401 2353 2566 2448; baseline 0 -29"><span class='ocrx_word' id='word_1_124' title='bbox 401 2358 612 2420; x_wconf 89' lang='lat' dir='ltr'><strong>amicis</strong></span> <span class='ocrx_word' id='word_1_125' title='bbox 663 2374 728 2421; x_wconf 91' lang='lat' dir='ltr'><strong>et</strong></span> <span class='ocrx_word' id='word_1_126' title='bbox 778 2360 1060 2446; x_wconf 89' lang='lat' dir='ltr'><strong>cognatis</strong></span> <span class='ocrx_word' id='word_1_127' title='bbox 1109 2360 1391 2448; x_wconf 88' lang='lat' dir='ltr'><strong>itemque</strong></span> <span class='ocrx_word' id='word_1_128' title='bbox 1442 2358 1800 2424; x_wconf 84' lang='lat' dir='ltr'><strong>Adherbale</strong></span> <span class='ocrx_word' id='word_1_129' title='bbox 1852 2375 1915 2423; x_wconf 87' lang='lat' dir='ltr'><strong>et</strong></span> <span class='ocrx_word' id='word_1_130' title='bbox 1962 2355 2322 2447; x_wconf 89' lang='lat' dir='ltr'><strong>Hiempsale</strong></span> <span class='ocrx_word' id='word_1_131' title='bbox 2374 2353 2566 2436; x_wconf 78' lang='lat' dir='ltr'><strong>filiis,&#39;</strong></span> 
     </span>
    </p>
   </div>
   <div class='ocr_carea' id='block_1_7' title="bbox 404 2482 2161 2579">
    <p class='ocr_par' dir='ltr' id='par_1_7' title="bbox 404 2482 2161 2579">
     <span class='ocr_line' id='line_1_18' title="bbox 404 2482 2161 2579; baseline 0.002 -33"><span class='ocrx_word' id='word_1_132' title='bbox 404 2482 631 2547; x_wconf 89' lang='lat' dir='ltr'><strong>dicitur</strong></span> <span class='ocrx_word' id='word_1_133' title='bbox 661 2482 1092 2573; x_wconf 89' lang='lat' dir='ltr'><strong>hujuscemodi</strong></span> <span class='ocrx_word' id='word_1_134' title='bbox 1123 2486 1306 2551; x_wconf 91' lang='lat' dir='ltr'><strong>verba</strong></span> <span class='ocrx_word' id='word_1_135' title='bbox 1339 2511 1487 2550; x_wconf 90' lang='lat' dir='ltr'><strong>cum</strong></span> <span class='ocrx_word' id='word_1_136' title='bbox 1519 2484 1836 2579; x_wconf 89' lang='lat' dir='ltr'><strong>Jugurtha</strong></span> <span class='ocrx_word' id='word_1_137' title='bbox 1867 2484 2161 2550; x_wconf 86' lang='lat' dir='ltr'><strong>habuiffe.</strong></span> 
     </span>
    </p>
   </div>
   <div class='ocr_carea' id='block_1_8' title="bbox 1438 2741 1507 2793">
    <p class='ocr_par' dir='ltr' id='par_1_8' title="bbox 1438 2741 1507 2793">
     <span class='ocr_line' id='line_1_19' title="bbox 1438 2741 1507 2793; baseline 0.014 -1"><span class='ocrx_word' id='word_1_138' title='bbox 1438 2741 1507 2793; x_wconf 90' lang='lat' dir='ltr'><strong>X.</strong></span> 
     </span>
    </p>
   </div>
   <div class='ocr_carea' id='block_1_9' title="bbox 406 2846 727 3170">
    <p class='ocr_par' dir='ltr' id='par_1_9' title="bbox 406 2846 727 3170">
     <span class='ocr_line' id='line_1_20' title="bbox 406 2846 727 3170; baseline 0 976"><span class='ocrx_word' id='word_1_139' title='bbox 406 2846 727 3170; x_wconf 95' lang='lat' dir='ltr'><strong> </strong></span> 
     </span>
    </p>
   </div>
   <div class='ocr_carea' id='block_1_10' title="bbox 776 3113 2544 3207">
    <p class='ocr_par' dir='ltr' id='par_1_10' title="bbox 776 3113 2544 3207">
     <span class='ocr_line' id='line_1_21' title="bbox 776 3113 2544 3207; baseline 0 -27"><span class='ocrx_word' id='word_1_140' title='bbox 776 3142 904 3182; x_wconf 91' lang='lat' dir='ltr'><strong>non</strong></span> <span class='ocrx_word' id='word_1_141' title='bbox 938 3119 1144 3182; x_wconf 90' lang='lat' dir='ltr'><strong>minus</strong></span> <span class='ocrx_word' id='word_1_142' title='bbox 1177 3143 1280 3182; x_wconf 89' lang='lat' dir='ltr'><strong>me</strong></span> <span class='ocrx_word' id='word_1_143' title='bbox 1315 3118 1448 3198; x_wconf 89' lang='lat' dir='ltr'><strong>tibi,</strong></span> <span class='ocrx_word' id='word_1_144' title='bbox 1482 3143 1673 3207; x_wconf 92' lang='lat' dir='ltr'><strong>quam</strong></span> <span class='ocrx_word' id='word_1_145' title='bbox 1714 3117 1939 3196; x_wconf 85' lang='lat' dir='ltr'><strong>liberis,</strong></span> <span class='ocrx_word' id='word_1_146' title='bbox 1972 3113 2020 3180; x_wconf 88' lang='lat' dir='ltr'><strong>fi</strong></span> <span class='ocrx_word' id='word_1_147' title='bbox 2063 3114 2428 3203; x_wconf 86' lang='lat' dir='ltr'><strong>genuiffem,</strong></span> <span class='ocrx_word' id='word_1_148' title='bbox 2460 3115 2544 3180; x_wconf 92' lang='lat' dir='ltr'><strong>ob</strong></span> 
     </span>
    </p>
   </div>
   <div class='ocr_carea' id='block_1_11' title="bbox 413 3238 2541 3334">
    <p class='ocr_par' dir='ltr' id='par_1_11' title="bbox 413 3238 2541 3334">
     <span class='ocr_line' id='line_1_22' title="bbox 413 3238 2541 3334; baseline 0.001 -30"><span class='ocrx_word' id='word_1_149' title='bbox 413 3238 716 3306; x_wconf 87' lang='lat' dir='ltr'><strong>beneficia</strong></span> <span class='ocrx_word' id='word_1_150' title='bbox 771 3268 986 3308; x_wconf 89' lang='lat' dir='ltr'><strong>carum</strong></span> <span class='ocrx_word' id='word_1_151' title='bbox 1041 3243 1193 3312; x_wconf 90' lang='lat' dir='ltr'><strong>fore.</strong></span> <span class='ocrx_word' id='word_1_152' title='bbox 1318 3249 1549 3334; x_wconf 89' lang='lat' dir='ltr'><strong>Neque</strong></span> <span class='ocrx_word' id='word_1_153' title='bbox 1598 3270 1671 3310; x_wconf 92' lang='lat' dir='ltr'><strong>ea</strong></span> <span class='ocrx_word' id='word_1_154' title='bbox 1726 3269 1818 3309; x_wconf 90' lang='lat' dir='ltr'><strong>res</strong></span> <span class='ocrx_word' id='word_1_155' title='bbox 1875 3240 2097 3308; x_wconf 90' lang='lat' dir='ltr'><strong>falsum</strong></span> <span class='ocrx_word' id='word_1_156' title='bbox 2153 3265 2255 3306; x_wconf 87' lang='lat' dir='ltr'><strong>me</strong></span> <span class='ocrx_word' id='word_1_157' title='bbox 2304 3241 2541 3307; x_wconf 82' lang='lat' dir='ltr'><strong>habuit.</strong></span> 
     </span>
    </p>
   </div>
   <div class='ocr_carea' id='block_1_12' title="bbox 418 3367 2650 3463">
    <p class='ocr_par' dir='ltr' id='par_1_12' title="bbox 418 3367 2650 3463">
     <span class='ocr_line' id='line_1_23' title="bbox 418 3367 2650 3463; baseline 0.001 -32"><span class='ocrx_word' id='word_1_158' title='bbox 418 3372 589 3432; x_wconf 91' lang='lat' dir='ltr'><strong>Nam</strong></span> <span class='ocrx_word' id='word_1_159' title='bbox 621 3385 694 3432; x_wconf 95' lang='lat' dir='ltr'><strong>ut</strong></span> <span class='ocrx_word' id='word_1_160' title='bbox 731 3368 850 3434; x_wconf 92' lang='lat' dir='ltr'><strong>alia</strong></span> <span class='ocrx_word' id='word_1_161' title='bbox 881 3395 1111 3458; x_wconf 90' lang='lat' dir='ltr'><strong>magna</strong></span> <span class='ocrx_word' id='word_1_162' title='bbox 1142 3389 1206 3436; x_wconf 92' lang='lat' dir='ltr'><strong>et</strong></span> <span class='ocrx_word' id='word_1_163' title='bbox 1237 3374 1485 3460; x_wconf 88' lang='lat' dir='ltr'><strong>egregia</strong></span> <span class='ocrx_word' id='word_1_164' title='bbox 1526 3388 1635 3437; x_wconf 89' lang='lat' dir='ltr'><strong>tua</strong></span> <span class='ocrx_word' id='word_1_165' title='bbox 1674 3369 1833 3437; x_wconf 63' lang='lat' dir='ltr'><strong>fadta</strong></span> <span class='ocrx_word' id='word_1_166' title='bbox 1863 3370 2173 3448; x_wconf 89' lang='lat' dir='ltr'><strong>omittam,</strong></span> <span class='ocrx_word' id='word_1_167' title='bbox 2205 3367 2565 3463; x_wconf 36' lang='lat' dir='ltr'><strong>novifl‘ume·</strong></span> <span class='ocrx_word' id='word_1_168' title='bbox 2646 3452 2650 3454; x_wconf 8' lang='grc' dir='ltr'><strong>Α</strong></span> 
     </span>
    </p>
   </div>
   <div class='ocr_carea' id='block_1_13' title="bbox 414 3493 2546 3587">
    <p class='ocr_par' dir='ltr' id='par_1_13' title="bbox 414 3493 2546 3587">
     <span class='ocr_line' id='line_1_24' title="bbox 414 3493 2546 3587; baseline 0.002 -32"><span class='ocrx_word' id='word_1_169' title='bbox 414 3493 654 3556; x_wconf 86' lang='lat' dir='ltr'><strong>rediens</strong></span> <span class='ocrx_word' id='word_1_170' title='bbox 695 3498 1043 3561; x_wconf 88' lang='lat' dir='ltr'><strong>Numantia</strong></span> <span class='ocrx_word' id='word_1_171' title='bbox 1086 3521 1313 3586; x_wconf 90' lang='lat' dir='ltr'><strong>meque</strong></span> <span class='ocrx_word' id='word_1_172' title='bbox 1346 3523 1737 3587; x_wconf 90' lang='lat' dir='ltr'><strong>regnumque</strong></span> <span class='ocrx_word' id='word_1_173' title='bbox 1777 3520 1994 3561; x_wconf 90' lang='lat' dir='ltr'><strong>meum</strong></span> <span class='ocrx_word' id='word_1_174' title='bbox 2037 3494 2233 3582; x_wconf 89' lang='lat' dir='ltr'><strong>gloria</strong></span> <span class='ocrx_word' id='word_1_175' title='bbox 2275 3493 2546 3560; x_wconf 90' lang='lat' dir='ltr'><strong>honora-</strong></span> 
     </span>
    </p>
   </div>
   <div class='ocr_carea' id='block_1_14' title="bbox 417 3617 2545 3708">
    <p class='ocr_par' dir='ltr' id='par_1_14' title="bbox 417 3617 2545 3708">
     <span class='ocr_line' id='line_1_25' title="bbox 417 3617 2545 3708; baseline 0.002 -27"><span class='ocrx_word' id='word_1_176' title='bbox 417 3617 569 3697; x_wconf 88' lang='lat' dir='ltr'><strong>visti,</strong></span> <span class='ocrx_word' id='word_1_177' title='bbox 615 3637 844 3708; x_wconf 87' lang='lat' dir='ltr'><strong>tuaque</strong></span> <span class='ocrx_word' id='word_1_178' title='bbox 888 3623 1114 3687; x_wconf 84' lang='lat' dir='ltr'><strong>virtute</strong></span> <span class='ocrx_word' id='word_1_179' title='bbox 1166 3624 1342 3688; x_wconf 90' lang='lat' dir='ltr'><strong>nobis</strong></span> <span class='ocrx_word' id='word_1_180' title='bbox 1390 3629 1714 3689; x_wconf 88' lang='lat' dir='ltr'><strong>Romanos</strong></span> <span class='ocrx_word' id='word_1_181' title='bbox 1758 3647 1834 3687; x_wconf 87' lang='lat' dir='ltr'><strong>ex</strong></span> <span class='ocrx_word' id='word_1_182' title='bbox 1875 3624 2087 3687; x_wconf 90' lang='lat' dir='ltr'><strong>amicis</strong></span> <span class='ocrx_word' id='word_1_183' title='bbox 2132 3621 2545 3686; x_wconf 84' lang='lat' dir='ltr'><strong>amiciffumos</strong></span> 
     </span>
    </p>
   </div>
  </div>
 </body>
</html>
