2722 4146
709 290 1108 353 BELLUM
1171 288 1946 378 JUGURTHINUM.
2257 311 2385 374 149

247 462 536 552 praedicet
554 489 574 541 3
626 460 838 527 falsam
869 464 993 527 vita
1023 460 1345 549 moresque
1379 463 1504 524 mei
1535 461 1839 551 superant.
1921 462 2040 527 Sed
2074 464 2373 551 quoniam

244 588 442 654 vostra
491 587 745 654 confilia
798 587 1182 667 accusantur,
1227 589 1336 676 qui
1389 586 1545 652 mihi
1597 588 1910 653 summum
1960 588 2267 654 honorem
2311 607 2375 655 et

244 738 611 778 maxumum
654 714 979 800 negotium
1016 712 1421 802 imposuistis:
1488 716 1678 778 etiam
1721 732 1909 804 atque
1955 717 2143 779 etiam
2185 740 2372 804 repu—

242 857 388 919 tate,
423 865 578 903 num
608 865 826 904 eorum
858 839 1293 928 poenitendum
1325 838 1416 904 fit.
1516 844 1583 904 N
1588 865 1670 904 on
1704 841 1944 929 poffum
1984 838 2134 905 fidei
2173 841 2375 906 cauffa

241 968 539 1053 imagines
579 990 782 1054 neque
815 965 1163 1054 triumphos
1206 984 1315 1031 aut
1359 966 1709 1032 consulatus
1749 967 2056 1056 majorum
2087 993 2373 1033 meorum

241 1092 584 1173 ostentare3
644 1109 726 1172 at,
766 1090 812 1157 fi
858 1117 951 1156 res
997 1091 1285 1181 postulet,
1317 1091 1535 1173 hastaS,
1569 1093 1887 1174 vexillum,
1922 1094 2222 1184 phaleras,
2255 1094 2373 1160 alia

240 1219 524 1285 militaria
580 1220 784 1299 dona3
861 1237 1150 1308 praeterea
1204 1222 1517 1284 cicatrices
1569 1220 1817 1285 adverso
1874 1246 2151 1310 corpore.
2252 1226 2369 1285 Hae

240 1343 380 1408 sunt
411 1368 560 1408 meae
594 1345 915 1431 imagineS,
941 1342 1069 1407 haec
1101 1369 1242 1409 mea
1274 1345 1584 1426 nobilitaS,
1611 1372 1738 1411 non
1764 1346 2104 1412 hereditate
2139 1347 2370 1426 relicta,

239 1488 311 1534 ut
341 1469 447 1534 illa
478 1468 616 1548 illis,
651 1468 753 1533 sed
786 1493 922 1557 quae
963 1488 1215 1556 egomet
1254 1471 1555 1560 plurumis
1590 1476 1741 1538 meis
1774 1472 2082 1538 laboribus
2115 1492 2178 1539 et
2211 1478 2372 1563 peri-

238 1595 392 1661 culis
444 1594 708 1685 quaefivi.
810 1600 963 1661 Non
1012 1597 1152 1662 sunt
1199 1599 1543 1689 compofita
1599 1625 1739 1665 mea
1782 1600 2010 1680 verba3
2085 1602 2254 1689 parvi
2308 1601 2374 1664 id

238 1722 439 1803 facio3
489 1722 616 1812 ipsa
648 1723 704 1788 se
738 1725 925 1787 virtus
959 1723 1093 1788 satis
1128 1724 1397 1791 ostendit
1416 1754 1436 1806 3
1496 1726 1614 1791 illis
1656 1722 1919 1791 artificio
1965 1751 2119 1815 opus
2165 1724 2271 1805 est,
2304 1743 2376 1790 ut

238 1851 440 1938 turpia
483 1848 640 1914 faeta
681 1852 959 1915 oratione
1004 1868 1237 1939 tegant.
1339 1858 1567 1942 Neque
1612 1851 1814 1917 literas
1849 1856 2091 1916 Graecas
2143 1852 2371 1916 didici:

238 2000 459 2064 pamm
500 1975 782 2064 placebat
819 2001 918 2040 eas
958 1976 1207 2057 discere,
1241 1980 1474 2068 quippe
1521 2004 1655 2068 quae
1706 1980 1785 2044 ad
1831 1981 2121 2044 virtutem
2162 1979 2376 2043 docto-

237 2102 401 2166 ribus
443 2101 600 2166 nihil
640 2100 1029 2191 profuerunt.
1128 2109 1220 2168 At
1272 2104 1397 2185 illa,
1442 2105 1644 2170 multo
1690 2123 1950 2195 optuma
2001 2104 2374 2195 reipublicae,

238 2229 452 2294 doctus
485 2227 658 2294 sum:
709 2227 950 2294 hostem
984 2227 1161 2294 ferire
1174 2257 1194 2310 3
1245 2229 1520 2320 praefidia
1561 2235 1790 2320 agitare
1812 2260 1834 2312 3
1883 2231 2041 2297 nihil
2075 2248 2372 2310 metuere,

239 2353 354 2420 nifi
392 2372 638 2445 turpem
679 2354 953 2437 famam3
1017 2357 1293 2421 hiemem
1333 2375 1396 2422 et
1438 2356 1706 2423 aestatem
1739 2358 1920 2447 juxta
1963 2361 2132 2447 pati:
2196 2357 2374 2422 humi

236 2482 612 2571 requiescere
638 2510 657 2563 3
733 2484 956 2548 eodem
1007 2501 1286 2573 tempore
1332 2486 1611 2573 inopiam
1655 2502 1718 2549 et
1762 2484 2038 2549 laborem
2090 2483 2370 2550 tolerare.

186 2589 195 2595 .
239 2611 357 2673 His
390 2633 508 2697 ego
540 2612 855 2700 praeceptis
890 2610 1114 2675 milites
1148 2610 1481 2675 hortabor:
1534 2636 1737 2700 neque
1773 2610 1909 2675 illos
1949 2617 2108 2675 arcte
2143 2609 2371 2689 colam,

239 2761 340 2801 me
373 2736 699 2826 opulenter
715 2765 735 2817 3
786 2763 990 2826 neque
1025 2736 1287 2824 gloriam
1311 2760 1514 2801 meam
1543 2735 1819 2801 laborem
1845 2735 2096 2800 illorum
2123 2734 2367 2801 faciam.

239 2867 387 2926 Hoc
434 2862 521 2927 est
568 2862 741 2943 utile,
776 2863 900 2927 hoc
951 2862 1127 2928 civile
1177 2865 1530 2953 imperium.
1631 2867 1951 2952 Namque,
1992 2888 2190 2951 quum
2239 2880 2370 2927 tute

239 3013 349 3078 per
381 2988 708 3054 mollitiem
740 3014 903 3077 agaS‚
939 2992 1281 3054 exercitum
1313 2990 1616 3080 supplicio
1662 3014 1905 3076 cogere,
1940 2989 2006 3052 id
2039 2988 2124 3053 est
2165 2989 2369 3053 domi-

240 3141 417 3194 num,
453 3140 582 3180 non
614 3118 1051 3205 imperatorem
1084 3117 1222 3182 effe.
1311 3121 1468 3181 Haec
1501 3134 1688 3204 atque
1724 3115 1867 3180 talia
1899 3118 2157 3207 majores
2188 3115 2371 3180 vostri

242 3241 537 3307 faciundo
571 3243 754 3331 seque
788 3260 852 3307 et
881 3268 1014 3307 rem
1047 3243 1364 3332 publicam
1396 3238 1801 3309 celebravere.
1898 3240 2051 3335 Qis
2085 3240 2368 3305 nobilitas

242 3367 414 3447 freta,
448 3368 574 3457 ipsa
606 3368 903 3434 diffimilis
936 3369 1234 3449 moribuS,
1266 3394 1377 3433 nos
1421 3369 1672 3434 illorum
1704 3368 1956 3433 aemulos
1998 3370 2366 3446 contemnit,

241 3514 304 3560 et
341 3498 541 3560 omnis
589 3495 853 3560 honores
897 3522 1026 3560 non
1071 3521 1149 3560 ex
1196 3499 1439 3576 merim,
1474 3497 1576 3561 sed
1616 3494 1788 3584 quafi
1835 3495 2074 3560 debitos
2120 3520 2155 3559 a
2198 3494 2366 3558 vobis

241 3624 480 3710 repetit.
563 3625 861 3688 Ceterum
893 3622 1176 3687 homines
1209 3622 1631 3712 superbiffumi
1665 3620 1883 3710 procul
1918 3637 2138 3686 errant.
2221 3624 2365 3684 Ma-
