2722 4146
658 333 1059 396 BELLUM
1122 331 1900 421 JUGURTHINUM.
2211 349 2338 412 125

1210 758 1356 811 LXI.

511 914 534 929 Α
553 890 958 967 ETELLUS,
984 884 1311 976 postquam
1335 885 1504 950 videt
1527 882 1745 950 frustra
1768 886 2112 973 inceptum,
2140 908 2346 974 neque

375 1013 429 1093 ,⁹
465 985 474 1003 Δ
507 1037 515 1066 ²
594 1014 899 1103 oppidum
949 1014 1109 1102 capi,
1153 1036 1359 1101 neque
1402 1010 1802 1102 Jugurtham,
1842 1008 1956 1075 nifi
1998 1035 2074 1074 ex
2118 1007 2347 1074 infidiis

410 1137 433 1157 ’
594 1156 704 1204 aut
759 1140 864 1204 suo
921 1138 1086 1219 loc0,
1144 1163 1426 1227 pugnam
1488 1136 1714 1218 facere,
1770 1154 1834 1202 et
1877 1136 2015 1226 jam
2078 1136 2347 1202 aestatem

220 1270 502 1330 exactam
544 1265 686 1345 effe,
729 1265 806 1330 ab
848 1268 1045 1329 Zama
1088 1263 1365 1344 discedit,
1406 1281 1470 1328 et
1510 1267 1575 1328 in
1619 1263 1713 1328 his
1764 1264 2040 1344 urbibuS,
2086 1289 2221 1353 quae
2269 1264 2350 1329 ad

219 1391 278 1457 se
342 1390 719 1471 defecerant,
777 1390 1032 1479 satisque
1098 1393 1350 1456 munitae
1414 1390 1558 1455 loco
1620 1409 1729 1456 aut
1788 1392 2096 1455 moenibus
2153 1408 2348 1471 erant,

219 1515 493 1607 praefidia
535 1519 823 1606 imponit.
922 1520 1224 1581 Ceterum
1271 1518 1614 1582 exercitum
1654 1519 1721 1581 in
1765 1519 2173 1606 provinciam,
2213 1542 2350 1606 quae

220 1669 521 1736 proxuma
568 1644 654 1709 est
703 1644 1042 1723 Numidiae,
1087 1642 1408 1709 hiemandi
1458 1646 1654 1730 gratia
1710 1643 2002 1709 collocat.
2121 1649 2351 1733 Neque

220 1773 287 1838 id
319 1790 562 1862 tempus
594 1796 673 1837 ex
703 1771 968 1836 aliorum
1002 1795 1175 1835 more
1201 1771 1396 1858 quieti
1428 1787 1536 1834 aut
1566 1769 1820 1835 luxuriae
1847 1771 2174 1836 concedit:
2226 1771 2352 1853 sed,

221 1900 521 1988 quoniam
564 1900 745 1963 armis
789 1896 1024 1962 bellum
1074 1921 1295 1986 parum
1341 1897 1739 1986 procedebat,
1784 1895 2028 1962 infidias
2070 1900 2203 1986 regi
2246 1923 2355 1988 per

222 2027 453 2090 amicos
480 2025 752 2104 tendere,
779 2042 843 2089 et
865 2048 1085 2089 eorum
1119 2020 1382 2112 perfidia
1415 2049 1529 2113 pro
1554 2025 1736 2088 armis
1761 2026 1854 2088 uti
1878 2041 2073 2114 parat.
2157 2027 2356 2113 Igitur

225 2150 655 2231 Bomilcarem,
682 2153 792 2239 qui
826 2154 1044 2215 Romae
1078 2174 1225 2215 cum
1251 2150 1566 2242 Jugurtha
1598 2149 1800 2216 fuerat
1830 2168 1894 2215 et
1926 2151 2071 2215 inde
2097 2152 2352 2218 vadibus

225 2278 381 2343 datis
424 2277 586 2341 clam
631 2277 708 2342 de
752 2276 1022 2342 Masfivae
1067 2302 1220 2342 nece
1254 2276 1568 2366 judicium
1616 2275 1879 2365 fugerat,
1926 2279 2096 2367 quod
2143 2281 2200 2343 ei
2244 2304 2354 2368 per

222 2429 584 2470 maxumam
638 2406 973 2469 amicitiam
1039 2428 1333 2469 maxuma
1387 2407 1568 2493 copia
1623 2403 1880 2469 fallendi
1935 2421 2085 2484 erat,
2142 2403 2354 2470 multis

225 2531 776 2621 pollicitationibus
810 2531 1204 2618 aggreditur3
1254 2555 1327 2595 ac
1359 2531 1562 2618 primo
1595 2528 1810 2607 efficit,
1835 2529 1928 2592 uti
1959 2528 2039 2592 ad
2070 2527 2129 2592 se
2154 2527 2353 2593 collo-

227 2659 464 2748 quendi
488 2660 681 2745 gratia
706 2656 987 2721 occultus
1012 2659 1253 2722 veniat:
1306 2657 1531 2721 deinde
1558 2653 1683 2722 fide
1706 2655 1869 2735 data,
1897 2653 1945 2720 fi
1975 2655 2353 2747 Jugurtham

226 2788 435 2852 vivum
496 2802 604 2849 aut
665 2803 957 2848 necatum
1017 2782 1129 2848 fibi
1191 2783 1546 2861 tradidiffet,
1603 2780 1758 2861 fore,
1813 2798 1886 2846 ut
1946 2781 2037 2845 illi
2098 2787 2353 2847 Senatus

226 2913 663 3000 impunitatem
706 2928 769 2974 et
811 2910 915 2975 sua
954 2914 1165 2976 omnia
1207 2911 1602 2988 concederet,
1642 2909 1822 2974 facile
1868 2911 2164 2975 Numidae
2210 2935 2349 2999 per-

229 3037 463 3117 suadet,
497 3061 696 3126 quum
739 3038 994 3124 ingenio
1027 3036 1248 3117 infide,
1282 3056 1419 3102 tum
1462 3040 1790 3116 metuenti,
1823 3061 1926 3116 ne,
1961 3035 2008 3101 fi
2046 3061 2164 3125 pax
2204 3061 2352 3101 cum

230 3166 531 3229 Romanis
557 3161 754 3242 fieret,
779 3163 903 3252 ipse
929 3188 1038 3253 per
1063 3165 1453 3229 conditiones
1479 3165 1558 3229 ad
1591 3163 1964 3254 supplicium
1990 3164 2349 3231 traderetur.
