2722 4146
398 275 523 317 112
913 252 988 313 C.
1062 248 1390 312 CRISPI
1459 245 1983 308 SALLUSTII

390 426 589 518 potest
615 427 821 515 copias
848 425 1135 488 omnium
1161 445 1461 510 generum
1495 436 1690 508 parat,
1718 444 1790 484 ac
1812 445 1921 509 per
1946 422 2215 484 tramites
2241 419 2519 484 occultos

391 556 731 619 exercitum
784 549 1028 615 Metelli
1080 549 1411 614 antevenit.
1520 550 1671 610 Erat
1718 547 1783 609 in
1832 570 1905 609 ea
1953 563 2125 635 parte
2177 550 2245 610 N
2248 546 2518 627 umidiae,

393 702 583 767 quam
641 674 964 740 Adherbal
1017 677 1081 739 in
1148 672 1444 748 divisione
1513 671 1878 760 poffederat,
1934 669 2174 737 flumen
2232 675 2431 738 oriens
2487 698 2524 738 a

393 803 669 882 meridie,
715 803 972 866 nomine
1017 799 1322 879 Muthul;
1381 825 1418 864 a
1451 823 1580 887 quo
1619 799 1829 863 aberat
1872 823 2051 864 mons
2097 797 2289 864 ferme
2334 799 2528 866 millia

393 928 677 1020 paffuum
700 929 941 1016 viginti,
965 931 1158 991 traetu
1186 928 1339 1015 pari,
1363 912 1558 990 vastus
1590 924 1668 989 ab
1693 942 1913 990 natura
1936 942 2001 990 et
2025 924 2305 990 humano
2330 924 2524 991 cultu.

393 1057 512 1123 Sed
545 1080 622 1121 ex
655 1080 732 1120 eo
764 1053 976 1118 medio
1009 1050 1182 1141 quasi
1214 1051 1389 1117 collis
1422 1051 1753 1132 oriebatur,
1789 1055 1855 1117 in
1889 1052 2262 1118 immensum
2294 1055 2528 1142 pertin-

393 1209 565 1273 gem,
587 1180 833 1247 vestitus
867 1177 1130 1244 oleastro
1156 1204 1227 1244 ac
1262 1181 1540 1269 myrtetis
1573 1179 1825 1269 aliisque
1859 1180 2183 1269 generibus
2216 1181 2529 1261 arborum,

394 1335 530 1399 quae
583 1307 761 1372 humi
810 1305 984 1371 arido
1032 1322 1219 1394 atque
1270 1305 1523 1371 arenoso
1575 1308 1937 1395 gignuntur.
2055 1307 2273 1372 Media
2319 1325 2529 1372 autem

395 1436 675 1527 planities
697 1433 930 1499 deserta
954 1431 1215 1522 penuria
1238 1457 1435 1522 aquae,
1464 1450 1680 1522 praeter
1704 1431 1950 1499 flumini
1975 1436 2326 1524 propinqua
2350 1432 2528 1499 loca:

397 1590 490 1645 ea,
523 1560 757 1628 confita
789 1558 1062 1640 arbustiS,
1097 1584 1321 1649 pecore
1355 1576 1542 1648 atque
1568 1558 1908 1625 cultoribus
1942 1558 2509 1649 frequentabantur.

1372 1814 1571 1867 XLIX.

591 1945 612 1959 ‘
672 1968 675 1969 ⁷
728 1941 1012 2003 GITUR
1046 1940 1111 2002 in
1142 1963 1218 2003 eo
1252 1937 1411 2003 colle
1438 1963 1651 2027 quem,
1680 1937 2008 2003 transverso
2033 1941 2247 2004 itinere
2280 1964 2531 2029 pon-ec-

775 2083 910 2130 tum
959 2065 1310 2145 docuimUS,
1343 2063 1677 2156 Jugurtha,
1720 2081 2051 2129 extenuata
2089 2065 2338 2130 suorum
2379 2068 2532 2148 acie,

776 2192 1089 2256 consedit:
1141 2190 1484 2281 elephantis
1517 2208 1581 2256 et
1612 2192 1769 2281 parti
1804 2191 2128 2279 copiarum
2159 2189 2532 2280 pedestrium

404 2317 814 2383 Bomilcarem
879 2316 1176 2408 praefecit,
1241 2344 1513 2408 eumque
1575 2319 1820 2398 edocet,
1878 2343 2014 2407 quae
2079 2336 2328 2407 ageret:
2406 2321 2552 2411 ipse*

402 2447 653 2535 propior
684 2463 966 2511 montem
998 2471 1146 2511 cum
1180 2448 1355 2511 omni
1380 2448 1662 2535 equitatu
1686 2462 1750 2510 et
1773 2444 2083 2534 peditibus
2117 2444 2366 2511 deleffls
2398 2446 2534 2513 suos

403 2570 712 2637 collocat:
755 2573 902 2637 dein
924 2571 1189 2662 singulas
1216 2591 1446 2638 turmas
1473 2590 1535 2638 et
1555 2571 1906 2661 manipulos
1932 2574 2300 2637 circumiens
2320 2590 2537 2640 monet

404 2716 589 2787 atque
620 2697 977 2779 obtestatur,
998 2704 1113 2780 uti,
1140 2726 1446 2766 memores
1474 2700 1732 2791 pristinae
1762 2701 1997 2765 virtutis
2022 2715 2085 2764 et
2107 2701 2391 2780 vietoriae,
2416 2700 2534 2766 sese

405 2847 794 2911 regnumque
816 2823 994 2889 suum
1020 2825 1097 2889 ab
1120 2829 1559 2894 Romanorum
1580 2828 1830 2893 avaritia
1850 2824 2228 2892 defendant:
2273 2851 2419 2892 cum
2440 2827 2534 2894 his

407 2968 718 3015 certamen
752 2948 905 3030 fore,
931 2975 1087 3040 quos
1120 2970 1302 3019 antea
1326 2957 1515 3020 vietos
1548 2954 1659 3019 sub
1680 2953 1912 3043 jugum
1944 2951 2254 3019 miserint:
2305 2954 2534 3021 ducem

408 3076 545 3155 illis,
580 3101 709 3141 non
753 3081 1057 3159 animum,
1091 3098 1443 3146 mutatum:
1502 3106 1638 3170 quae
1678 3080 1756 3145 ab
1787 3081 2155 3169 imperatore
2188 3079 2532 3163 decuerint,

410 3206 621 3268 omnia
667 3203 782 3268 suis
837 3205 1113 3294 provisa3
1170 3207 1382 3273 locum
1435 3207 1831 3297 superiorem,
1879 3222 1953 3270 ut
2005 3206 2335 3294 prudentes
2385 3232 2534 3274 cum

411 3331 725 3418 imperitiS,
771 3355 849 3395 ne
897 3335 1217 3420 pauciores
1266 3360 1414 3399 cum
1461 3334 1759 3424 pluribus,
1790 3348 1898 3396 aut
1945 3331 2124 3395 rudes
2172 3356 2319 3396 cum
2368 3333 2534 3399 bello

411 3454 765 3519 melioribus
818 3482 1076 3523 manum
1128 3461 1516 3527 consererent
1534 3489 1555 3542 3
1625 3460 1886 3551 proinde
1945 3462 2138 3549 parati
2188 3463 2532 3551 intentique

412 3581 622 3662 effent,
657 3580 831 3670 figno
862 3584 1009 3648 dato
1045 3589 1366 3653 Romanos
1399 3589 1683 3653 invadere
1708 3614 1723 3651 :
1774 3584 1953 3650 illum
1978 3585 2147 3650 diem
2178 3603 2286 3650 aut
2317 3610 2532 3653 omnes
