<?xml version="1.0" encoding="UTF-8"?>
<!DOCTYPE html PUBLIC "-//W3C//DTD XHTML 1.0 Transitional//EN"
    "http://www.w3.org/TR/xhtml1/DTD/xhtml1-transitional.dtd">
<html xmlns="http://www.w3.org/1999/xhtml" xml:lang="en" lang="en">
 <head>
  <title>
</title>
<meta http-equiv="Content-Type" content="text/html;charset=utf-8" />
  <meta name='ocr-system' content='tesseract 3.04.00' />
  <meta name='ocr-capabilities' content='ocr_page ocr_carea ocr_par ocr_line ocrx_word'/>
</head>
<body>
  <div class='ocr_page' id='page_1' title='image "./operaquaeextanta00salluoft_0051.png"; bbox 0 0 2722 4146; ppageno 0'>
   <div class='ocr_carea' id='block_1_1' title="bbox 1015 311 2330 393">
    <p class='ocr_par' dir='ltr' id='par_1_1' title="bbox 1015 311 2330 393">
     <span class='ocr_line' id='line_1_1' title="bbox 1015 311 2330 393; baseline -0.001 -20"><span class='ocrx_word' id='word_1_1' title='bbox 1015 311 1530 373; x_wconf 85' lang='lat' dir='ltr'>CATILINA.</span> <span class='ocrx_word' id='word_1_2' title='bbox 2245 332 2330 393; x_wconf 91' lang='lat'>41</span> 
     </span>
    </p>
   </div>
   <div class='ocr_carea' id='block_1_2' title="bbox 210 483 2338 699">
    <p class='ocr_par' dir='ltr' id='par_1_2' title="bbox 210 483 2338 699">
     <span class='ocr_line' id='line_1_2' title="bbox 210 483 2338 574; baseline 0 -26"><span class='ocrx_word' id='word_1_3' title='bbox 210 484 520 549; x_wconf 90' lang='lat' dir='ltr'>malorum</span> <span class='ocrx_word' id='word_1_4' title='bbox 597 485 963 573; x_wconf 91' lang='lat' dir='ltr'>patrocini0,</span> <span class='ocrx_word' id='word_1_5' title='bbox 1041 483 1493 574; x_wconf 85' lang='lat' dir='ltr'>rempublicam</span> <span class='ocrx_word' id='word_1_6' title='bbox 1571 483 1983 549; x_wconf 90' lang='lat' dir='ltr'>conturbaret.</span> <span class='ocrx_word' id='word_1_7' title='bbox 2129 484 2338 574; x_wconf 90' lang='lat' dir='ltr'>Ipsum</span> 
     </span>
     <span class='ocr_line' id='line_1_3' title="bbox 210 608 2335 699; baseline 0 -24"><span class='ocrx_word' id='word_1_8' title='bbox 210 610 492 676; x_wconf 85' lang='lat' dir='ltr'>Craffum</span> <span class='ocrx_word' id='word_1_9' title='bbox 534 634 653 697; x_wconf 91' lang='lat' dir='ltr'>ego</span> <span class='ocrx_word' id='word_1_10' title='bbox 701 608 910 699; x_wconf 90' lang='lat' dir='ltr'>postea</span> <span class='ocrx_word' id='word_1_11' title='bbox 953 611 1390 699; x_wconf 70' lang='lat' dir='ltr'>praedicantem</span> <span class='ocrx_word' id='word_1_12' title='bbox 1429 610 1658 690; x_wconf 89' lang='lat' dir='ltr'>audivi,</span> <span class='ocrx_word' id='word_1_13' title='bbox 1699 626 1932 675; x_wconf 84' lang='lat' dir='ltr'>tantam</span> <span class='ocrx_word' id='word_1_14' title='bbox 1970 609 2140 676; x_wconf 91' lang='lat' dir='ltr'>illam</span> <span class='ocrx_word' id='word_1_15' title='bbox 2181 636 2335 676; x_wconf 95' lang='lat' dir='ltr'>con—</span> 
     </span>
    </p>
   </div>
   <div class='ocr_carea' id='block_1_3' title="bbox 210 733 1524 824">
    <p class='ocr_par' dir='ltr' id='par_1_3' title="bbox 210 733 1524 824">
     <span class='ocr_line' id='line_1_4' title="bbox 210 733 1524 824; baseline -0.002 -22"><span class='ocrx_word' id='word_1_16' title='bbox 210 736 531 802; x_wconf 90' lang='lat' dir='ltr'>tumeliam</span> <span class='ocrx_word' id='word_1_17' title='bbox 563 734 674 802; x_wconf 90' lang='lat' dir='ltr'>fibi</span> <span class='ocrx_word' id='word_1_18' title='bbox 705 737 782 801; x_wconf 94' lang='lat' dir='ltr'>ab</span> <span class='ocrx_word' id='word_1_19' title='bbox 815 738 1119 801; x_wconf 89' lang='lat' dir='ltr'><strong>Cicerone</strong></span> <span class='ocrx_word' id='word_1_20' title='bbox 1152 733 1524 824; x_wconf 83' lang='lat' dir='ltr'>impositam.</span> 
     </span>
    </p>
   </div>
   <div class='ocr_carea' id='block_1_4' title="bbox 148 989 2335 1243">
    <p class='ocr_par' dir='ltr' id='par_1_4' title="bbox 148 989 2335 1243">
     <span class='ocr_line' id='line_1_5' title="bbox 428 989 1422 1044; baseline 0.012 -14"><span class='ocrx_word' id='word_1_21' title='bbox 428 1028 430 1030; x_wconf 78' lang='grc'>,</span> <span class='ocrx_word' id='word_1_22' title='bbox 547 1042 549 1044; x_wconf 22' lang='lat'>¹</span> <span class='ocrx_word' id='word_1_23' title='bbox 804 1042 806 1044; x_wconf 47' lang='grc'><strong>,</strong></span> <span class='ocrx_word' id='word_1_24' title='bbox 907 1041 909 1044; x_wconf 53' lang='grc'>,</span> <span class='ocrx_word' id='word_1_25' title='bbox 1182 989 1382 1043; x_wconf 84' lang='lat' dir='ltr'><strong>XLIX.</strong></span> <span class='ocrx_word' id='word_1_26' title='bbox 1417 1011 1422 1014; x_wconf 67' lang='grc'><strong><em>’</em></strong></span> 
     </span>
     <span class='ocr_line' id='line_1_6' title="bbox 148 1110 2335 1243; baseline 0.004 -73"><span class='ocrx_word' id='word_1_27' title='bbox 148 1113 150 1115; x_wconf 76' lang='grc'><strong>’</strong></span> <span class='ocrx_word' id='word_1_28' title='bbox 220 1116 254 1147; x_wconf 50' lang='lat' dir='ltr'>“J</span> <span class='ocrx_word' id='word_1_29' title='bbox 331 1117 505 1243; x_wconf 40' lang='grc' dir='ltr'>ἑςῗὶ,</span> <span class='ocrx_word' id='word_1_30' title='bbox 534 1117 654 1177; x_wconf 89' lang='grc' dir='ltr'>ΕΙ)</span> <span class='ocrx_word' id='word_1_31' title='bbox 688 1111 903 1177; x_wconf 91' lang='lat' dir='ltr'>iisdem</span> <span class='ocrx_word' id='word_1_32' title='bbox 936 1112 1316 1201; x_wconf 89' lang='lat' dir='ltr'>temporibus</span> <span class='ocrx_word' id='word_1_33' title='bbox 1352 1117 1449 1199; x_wconf 78' lang='lat' dir='ltr'>Q</span> <span class='ocrx_word' id='word_1_34' title='bbox 1471 1110 1731 1176; x_wconf 89' lang='lat' dir='ltr'>Catulus</span> <span class='ocrx_word' id='word_1_35' title='bbox 1763 1127 1826 1176; x_wconf 91' lang='lat' dir='ltr'>et</span> <span class='ocrx_word' id='word_1_36' title='bbox 1858 1114 1933 1176; x_wconf 92' lang='lat' dir='ltr'>C.</span> <span class='ocrx_word' id='word_1_37' title='bbox 1963 1112 2100 1177; x_wconf 88' lang='lat' dir='ltr'>Piso</span> <span class='ocrx_word' id='word_1_38' title='bbox 2131 1137 2335 1202; x_wconf 90' lang='lat' dir='ltr'>neque</span> 
     </span>
    </p>
   </div>
   <div class='ocr_carea' id='block_1_5' title="bbox 203 1106 530 1434">
    <p class='ocr_par' dir='ltr' id='par_1_5' title="bbox 203 1106 530 1434">
     <span class='ocr_line' id='line_1_7' title="bbox 203 1106 530 1434; baseline 0 -128"><span class='ocrx_word' id='word_1_39' title='bbox 203 1106 530 1434; x_wconf 95' lang='lat' dir='ltr'>   </span> <span class='ocrx_word' id='word_1_40' title='bbox 513 1106 530 1328; x_wconf 95' lang='lat' dir='ltr'>  </span> 
     </span>
    </p>
   </div>
   <div class='ocr_carea' id='block_1_6' title="bbox 204 1234 2338 3351">
    <p class='ocr_par' dir='ltr' id='par_1_6' title="bbox 204 1234 2338 3351">
     <span class='ocr_line' id='line_1_8' title="bbox 225 1234 2336 1339; baseline -0.001 -33"><span class='ocrx_word' id='word_1_41' title='bbox 225 1254 255 1339; x_wconf 77' lang='lat'>.</span> <span class='ocrx_word' id='word_1_42' title='bbox 428 1234 516 1297; x_wconf 51' lang='lat'>*³22</span> <span class='ocrx_word' id='word_1_43' title='bbox 578 1239 883 1328; x_wconf 90' lang='lat' dir='ltr'>precibus,</span> <span class='ocrx_word' id='word_1_44' title='bbox 931 1262 1138 1328; x_wconf 91' lang='lat' dir='ltr'>neque</span> <span class='ocrx_word' id='word_1_45' title='bbox 1189 1242 1404 1327; x_wconf 89' lang='lat' dir='ltr'>gratia,</span> <span class='ocrx_word' id='word_1_46' title='bbox 1453 1264 1659 1328; x_wconf 92' lang='lat' dir='ltr'>neque</span> <span class='ocrx_word' id='word_1_47' title='bbox 1715 1241 1914 1329; x_wconf 91' lang='lat' dir='ltr'>pretio</span> <span class='ocrx_word' id='word_1_48' title='bbox 1962 1242 2336 1305; x_wconf 87' lang='lat' dir='ltr'>Cicerone-m</span> 
     </span>
     <span class='ocr_line' id='line_1_9' title="bbox 221 1330 2335 1454; baseline 0.001 -25"><span class='ocrx_word' id='word_1_49' title='bbox 221 1341 242 1357; x_wconf 29' lang='grc' dir='ltr'>ὓ</span> <span class='ocrx_word' id='word_1_50' title='bbox 354 1330 414 1367; x_wconf 19' lang='grc' dir='ltr'>ψ’</span> <span class='ocrx_word' id='word_1_51' title='bbox 576 1364 894 1454; x_wconf 83' lang='lat' dir='ltr'>impellere</span> <span class='ocrx_word' id='word_1_52' title='bbox 941 1382 1220 1454; x_wconf 89' lang='lat' dir='ltr'>potuere,</span> <span class='ocrx_word' id='word_1_53' title='bbox 1265 1367 1359 1430; x_wconf 92' lang='lat' dir='ltr'>uti</span> <span class='ocrx_word' id='word_1_54' title='bbox 1410 1389 1521 1454; x_wconf 91' lang='lat' dir='ltr'>per</span> <span class='ocrx_word' id='word_1_55' title='bbox 1568 1364 1940 1454; x_wconf 87' lang='lat' dir='ltr'>Allobroges</span> <span class='ocrx_word' id='word_1_56' title='bbox 1988 1382 2097 1431; x_wconf 90' lang='lat' dir='ltr'>aut</span> <span class='ocrx_word' id='word_1_57' title='bbox 2144 1365 2335 1431; x_wconf 89' lang='lat' dir='ltr'>alium</span> 
     </span>
     <span class='ocr_line' id='line_1_10' title="bbox 205 1487 2337 1582; baseline 0.001 -28"><span class='ocrx_word' id='word_1_58' title='bbox 205 1489 480 1554; x_wconf 90' lang='lat' dir='ltr'>indicem</span> <span class='ocrx_word' id='word_1_59' title='bbox 513 1493 589 1554; x_wconf 92' lang='lat' dir='ltr'>C.</span> <span class='ocrx_word' id='word_1_60' title='bbox 626 1488 824 1554; x_wconf 89' lang='lat' dir='ltr'>Caesar</span> <span class='ocrx_word' id='word_1_61' title='bbox 855 1487 1004 1554; x_wconf 90' lang='lat' dir='ltr'>falso</span> <span class='ocrx_word' id='word_1_62' title='bbox 1029 1491 1468 1556; x_wconf 89' lang='lat' dir='ltr'>nominaretur.</span> <span class='ocrx_word' id='word_1_63' title='bbox 1570 1496 1742 1557; x_wconf 91' lang='lat' dir='ltr'>Nam</span> <span class='ocrx_word' id='word_1_64' title='bbox 1764 1509 2025 1582; x_wconf 90' lang='lat' dir='ltr'>uterque</span> <span class='ocrx_word' id='word_1_65' title='bbox 2052 1517 2199 1557; x_wconf 91' lang='lat' dir='ltr'>cum</span> <span class='ocrx_word' id='word_1_66' title='bbox 2228 1491 2337 1557; x_wconf 93' lang='lat' dir='ltr'>illo</span> 
     </span>
     <span class='ocr_line' id='line_1_11' title="bbox 206 1615 2338 1709; baseline 0.001 -27"><span class='ocrx_word' id='word_1_67' title='bbox 206 1618 402 1705; x_wconf 87' lang='lat' dir='ltr'>gravis</span> <span class='ocrx_word' id='word_1_68' title='bbox 452 1618 803 1681; x_wconf 84' lang='lat' dir='ltr'>inimicitias</span> <span class='ocrx_word' id='word_1_69' title='bbox 851 1615 1222 1680; x_wconf 86' lang='lat' dir='ltr'>exercebant</span> <span class='ocrx_word' id='word_1_70' title='bbox 1238 1642 1260 1696; x_wconf 85' lang='lat'>3</span> <span class='ocrx_word' id='word_1_71' title='bbox 1325 1616 1484 1698; x_wconf 90' lang='lat' dir='ltr'>Piso,</span> <span class='ocrx_word' id='word_1_72' title='bbox 1536 1636 1931 1709; x_wconf 91' lang='lat' dir='ltr'>oppugnatus</span> <span class='ocrx_word' id='word_1_73' title='bbox 1983 1622 2048 1684; x_wconf 95' lang='lat' dir='ltr'>in</span> <span class='ocrx_word' id='word_1_74' title='bbox 2094 1619 2338 1709; x_wconf 88' lang='lat' dir='ltr'>judicio</span> 
     </span>
     <span class='ocr_line' id='line_1_12' title="bbox 205 1743 2337 1839; baseline 0.001 -32"><span class='ocrx_word' id='word_1_75' title='bbox 205 1744 614 1832; x_wconf 89' lang='lat' dir='ltr'>pecuniarum</span> <span class='ocrx_word' id='word_1_76' title='bbox 663 1743 1173 1832; x_wconf 89' lang='lat' dir='ltr'>repetundarum,</span> <span class='ocrx_word' id='word_1_77' title='bbox 1231 1761 1484 1833; x_wconf 91' lang='lat' dir='ltr'>propter</span> <span class='ocrx_word' id='word_1_78' title='bbox 1541 1745 1861 1839; x_wconf 88' lang='lat' dir='ltr'>cujusdam</span> <span class='ocrx_word' id='word_1_79' title='bbox 1911 1745 2337 1836; x_wconf 88' lang='lat' dir='ltr'>Transpadani</span> 
     </span>
     <span class='ocr_line' id='line_1_13' title="bbox 204 1867 2336 1960; baseline 0 -26"><span class='ocrx_word' id='word_1_80' title='bbox 204 1868 577 1960; x_wconf 90' lang='lat' dir='ltr'>supplicium</span> <span class='ocrx_word' id='word_1_81' title='bbox 608 1868 905 1959; x_wconf 90' lang='lat' dir='ltr'>injustum</span> <span class='ocrx_word' id='word_1_82' title='bbox 928 1896 950 1950; x_wconf 85' lang='lat'>3</span> <span class='ocrx_word' id='word_1_83' title='bbox 1001 1868 1286 1949; x_wconf 87' lang='lat' dir='ltr'>Catulus,</span> <span class='ocrx_word' id='word_1_84' title='bbox 1313 1893 1390 1934; x_wconf 87' lang='lat' dir='ltr'>ex</span> <span class='ocrx_word' id='word_1_85' title='bbox 1422 1872 1722 1958; x_wconf 90' lang='lat' dir='ltr'>petitione</span> <span class='ocrx_word' id='word_1_86' title='bbox 1749 1867 2155 1935; x_wconf 90' lang='lat' dir='ltr'>Pontificatus</span> <span class='ocrx_word' id='word_1_87' title='bbox 2188 1871 2336 1935; x_wconf 94' lang='lat' dir='ltr'>odio</span> 
     </span>
     <span class='ocr_line' id='line_1_14' title="bbox 204 1995 2335 2085; baseline 0 -24"><span class='ocrx_word' id='word_1_88' title='bbox 204 1995 506 2077; x_wconf 79' lang='lat' dir='ltr'>incensuS‚</span> <span class='ocrx_word' id='word_1_89' title='bbox 550 1996 724 2085; x_wconf 91' lang='lat' dir='ltr'>quod</span> <span class='ocrx_word' id='word_1_90' title='bbox 771 2014 1045 2062; x_wconf 89' lang='lat' dir='ltr'>extrema</span> <span class='ocrx_word' id='word_1_91' title='bbox 1087 2012 1284 2076; x_wconf 68' lang='lat' dir='ltr'>aetate,</span> <span class='ocrx_word' id='word_1_92' title='bbox 1324 1999 1630 2061; x_wconf 86' lang='lat' dir='ltr'>maxumis</span> <span class='ocrx_word' id='word_1_93' title='bbox 1673 1995 2012 2062; x_wconf 91' lang='lat' dir='ltr'>honoribus</span> <span class='ocrx_word' id='word_1_94' title='bbox 2054 1996 2215 2077; x_wconf 82' lang='lat' dir='ltr'>usuS,</span> <span class='ocrx_word' id='word_1_95' title='bbox 2258 1998 2335 2062; x_wconf 92' lang='lat' dir='ltr'>ab</span> 
     </span>
     <span class='ocr_line' id='line_1_15' title="bbox 205 2122 2336 2213; baseline 0 -25"><span class='ocrx_word' id='word_1_96' title='bbox 205 2122 670 2188; x_wconf 87' lang='lat' dir='ltr'>adulescentulo</span> <span class='ocrx_word' id='word_1_97' title='bbox 695 2122 927 2188; x_wconf 87' lang='lat' dir='ltr'>Caesare</span> <span class='ocrx_word' id='word_1_98' title='bbox 947 2125 1137 2188; x_wconf 67' lang='lat' dir='ltr'>victus</span> <span class='ocrx_word' id='word_1_99' title='bbox 1163 2123 1522 2190; x_wconf 75' lang='lat' dir='ltr'>discesserat.</span> <span class='ocrx_word' id='word_1_100' title='bbox 1603 2128 1728 2189; x_wconf 89' lang='lat' dir='ltr'>Res</span> <span class='ocrx_word' id='word_1_101' title='bbox 1753 2140 1963 2189; x_wconf 92' lang='lat' dir='ltr'>autem</span> <span class='ocrx_word' id='word_1_102' title='bbox 1984 2140 2336 2213; x_wconf 91' lang='lat' dir='ltr'>opportuna</span> 
     </span>
     <span class='ocr_line' id='line_1_16' title="bbox 204 2248 2334 2339; baseline 0 -26"><span class='ocrx_word' id='word_1_103' title='bbox 204 2248 548 2329; x_wconf 87' lang='lat' dir='ltr'>videbatur,</span> <span class='ocrx_word' id='word_1_104' title='bbox 572 2250 745 2338; x_wconf 95' lang='lat' dir='ltr'>quod</span> <span class='ocrx_word' id='word_1_105' title='bbox 775 2251 824 2314; x_wconf 90' lang='lat' dir='ltr'>is</span> <span class='ocrx_word' id='word_1_106' title='bbox 849 2252 1130 2338; x_wconf 90' lang='lat' dir='ltr'>privatim</span> <span class='ocrx_word' id='word_1_107' title='bbox 1157 2253 1405 2339; x_wconf 89' lang='lat' dir='ltr'>egregia</span> <span class='ocrx_word' id='word_1_108' title='bbox 1434 2249 1815 2331; x_wconf 86' lang='lat' dir='ltr'>liberalitate,</span> <span class='ocrx_word' id='word_1_109' title='bbox 1841 2248 2090 2339; x_wconf 92' lang='lat' dir='ltr'>publice</span> <span class='ocrx_word' id='word_1_110' title='bbox 2115 2274 2334 2314; x_wconf 86' lang='lat' dir='ltr'>maxu-</span> 
     </span>
     <span class='ocr_line' id='line_1_17' title="bbox 205 2373 2334 2464; baseline 0 -25"><span class='ocrx_word' id='word_1_111' title='bbox 205 2375 321 2439; x_wconf 91' lang='lat' dir='ltr'>mis</span> <span class='ocrx_word' id='word_1_112' title='bbox 358 2373 717 2439; x_wconf 89' lang='lat' dir='ltr'>muneribus</span> <span class='ocrx_word' id='word_1_113' title='bbox 755 2374 1056 2462; x_wconf 85' lang='lat' dir='ltr'>grandem</span> <span class='ocrx_word' id='word_1_114' title='bbox 1094 2379 1425 2464; x_wconf 92' lang='lat' dir='ltr'>pecuniam</span> <span class='ocrx_word' id='word_1_115' title='bbox 1458 2377 1739 2442; x_wconf 88' lang='lat' dir='ltr'>debebat.</span> <span class='ocrx_word' id='word_1_116' title='bbox 1847 2376 1964 2441; x_wconf 91' lang='lat' dir='ltr'>Sed</span> <span class='ocrx_word' id='word_1_117' title='bbox 2003 2376 2112 2440; x_wconf 95' lang='lat' dir='ltr'>ubi</span> <span class='ocrx_word' id='word_1_118' title='bbox 2157 2380 2334 2441; x_wconf 90' lang='lat' dir='ltr'>Con-</span> 
     </span>
     <span class='ocr_line' id='line_1_18' title="bbox 206 2498 2335 2593; baseline 0.002 -29"><span class='ocrx_word' id='word_1_119' title='bbox 206 2499 402 2565; x_wconf 89' lang='lat' dir='ltr'>sulem</span> <span class='ocrx_word' id='word_1_120' title='bbox 433 2500 513 2565; x_wconf 91' lang='lat' dir='ltr'>ad</span> <span class='ocrx_word' id='word_1_121' title='bbox 544 2516 791 2566; x_wconf 89' lang='lat' dir='ltr'>tantum</span> <span class='ocrx_word' id='word_1_122' title='bbox 822 2498 1059 2566; x_wconf 90' lang='lat' dir='ltr'>facinus</span> <span class='ocrx_word' id='word_1_123' title='bbox 1091 2502 1411 2592; x_wconf 89' lang='lat' dir='ltr'>impellere</span> <span class='ocrx_word' id='word_1_124' title='bbox 1451 2521 1792 2593; x_wconf 91' lang='lat' dir='ltr'>nequeunt,</span> <span class='ocrx_word' id='word_1_125' title='bbox 1825 2502 1948 2592; x_wconf 90' lang='lat' dir='ltr'>ipse</span> <span class='ocrx_word' id='word_1_126' title='bbox 1980 2501 2335 2591; x_wconf 87' lang='lat' dir='ltr'>fingulatim</span> 
     </span>
     <span class='ocr_line' id='line_1_19' title="bbox 206 2627 2335 2718; baseline 0.002 -28"><span class='ocrx_word' id='word_1_127' title='bbox 206 2627 676 2707; x_wconf 91' lang='lat' dir='ltr'>circumeundo,</span> <span class='ocrx_word' id='word_1_128' title='bbox 725 2644 911 2716; x_wconf 90' lang='lat' dir='ltr'>atque</span> <span class='ocrx_word' id='word_1_129' title='bbox 961 2629 1390 2708; x_wconf 89' lang='lat' dir='ltr'>ementiund0‚</span> <span class='ocrx_word' id='word_1_130' title='bbox 1439 2654 1575 2718; x_wconf 86' lang='lat' dir='ltr'>quae</span> <span class='ocrx_word' id='word_1_131' title='bbox 1621 2629 1681 2695; x_wconf 88' lang='lat' dir='ltr'>se</span> <span class='ocrx_word' id='word_1_132' title='bbox 1731 2654 1807 2694; x_wconf 86' lang='lat' dir='ltr'>ex</span> <span class='ocrx_word' id='word_1_133' title='bbox 1856 2629 2180 2694; x_wconf 88' lang='lat' dir='ltr'>Volturcio</span> <span class='ocrx_word' id='word_1_134' title='bbox 2227 2648 2335 2695; x_wconf 91' lang='lat' dir='ltr'>aut</span> 
     </span>
     <span class='ocr_line' id='line_1_20' title="bbox 206 2749 2330 2843; baseline 0.003 -28"><span class='ocrx_word' id='word_1_135' title='bbox 206 2749 650 2839; x_wconf 87' lang='lat' dir='ltr'>Allobrogibus</span> <span class='ocrx_word' id='word_1_136' title='bbox 699 2753 929 2818; x_wconf 84' lang='lat' dir='ltr'>audiffe</span> <span class='ocrx_word' id='word_1_137' title='bbox 980 2754 1277 2834; x_wconf 88' lang='lat' dir='ltr'>dicerent,</span> <span class='ocrx_word' id='word_1_138' title='bbox 1334 2779 1627 2843; x_wconf 91' lang='lat' dir='ltr'>magnam</span> <span class='ocrx_word' id='word_1_139' title='bbox 1683 2755 1774 2821; x_wconf 92' lang='lat' dir='ltr'>illi</span> <span class='ocrx_word' id='word_1_140' title='bbox 1828 2756 2122 2821; x_wconf 92' lang='lat' dir='ltr'>invidiam</span> <span class='ocrx_word' id='word_1_141' title='bbox 2177 2781 2330 2821; x_wconf 94' lang='lat' dir='ltr'>con-</span> 
     </span>
     <span class='ocr_line' id='line_1_21' title="bbox 206 2875 2332 2972; baseline 0.002 -29"><span class='ocrx_word' id='word_1_142' title='bbox 206 2875 543 2959; x_wconf 85' lang='lat' dir='ltr'>flaverant3</span> <span class='ocrx_word' id='word_1_143' title='bbox 616 2879 808 2969; x_wconf 92' lang='lat' dir='ltr'>usque</span> <span class='ocrx_word' id='word_1_144' title='bbox 863 2881 1044 2961; x_wconf 91' lang='lat' dir='ltr'>ade0‚</span> <span class='ocrx_word' id='word_1_145' title='bbox 1099 2899 1173 2946; x_wconf 91' lang='lat' dir='ltr'>ut</span> <span class='ocrx_word' id='word_1_146' title='bbox 1233 2881 1523 2947; x_wconf 94' lang='lat' dir='ltr'>nonnulli</span> <span class='ocrx_word' id='word_1_147' title='bbox 1577 2885 1814 2972; x_wconf 90' lang='lat' dir='ltr'>equites</span> <span class='ocrx_word' id='word_1_148' title='bbox 1872 2884 2166 2962; x_wconf 91' lang='lat' dir='ltr'>Romani,</span> <span class='ocrx_word' id='word_1_149' title='bbox 2223 2885 2332 2971; x_wconf 92' lang='lat' dir='ltr'>qui</span> 
     </span>
     <span class='ocr_line' id='line_1_22' title="bbox 205 3004 2329 3094; baseline 0.001 -24"><span class='ocrx_word' id='word_1_150' title='bbox 205 3004 466 3094; x_wconf 85' lang='lat' dir='ltr'>praefidii</span> <span class='ocrx_word' id='word_1_151' title='bbox 503 3007 706 3072; x_wconf 84' lang='lat' dir='ltr'>cauffa</span> <span class='ocrx_word' id='word_1_152' title='bbox 737 3033 885 3073; x_wconf 92' lang='lat' dir='ltr'>cum</span> <span class='ocrx_word' id='word_1_153' title='bbox 924 3008 1057 3073; x_wconf 91' lang='lat' dir='ltr'>telis</span> <span class='ocrx_word' id='word_1_154' title='bbox 1096 3025 1271 3074; x_wconf 89' lang='lat' dir='ltr'>erant</span> <span class='ocrx_word' id='word_1_155' title='bbox 1303 3012 1540 3075; x_wconf 92' lang='lat' dir='ltr'>circum</span> <span class='ocrx_word' id='word_1_156' title='bbox 1578 3009 1774 3075; x_wconf 87' lang='lat' dir='ltr'>aedem</span> <span class='ocrx_word' id='word_1_157' title='bbox 1806 3009 2197 3088; x_wconf 86' lang='lat' dir='ltr'>Concordiae,</span> <span class='ocrx_word' id='word_1_158' title='bbox 2227 3008 2329 3073; x_wconf 86' lang='lat' dir='ltr'>seu</span> 
     </span>
     <span class='ocr_line' id='line_1_23' title="bbox 207 3133 2330 3225; baseline 0.001 -28"><span class='ocrx_word' id='word_1_159' title='bbox 207 3133 466 3221; x_wconf 89' lang='lat' dir='ltr'>periculi</span> <span class='ocrx_word' id='word_1_160' title='bbox 527 3135 981 3223; x_wconf 91' lang='lat' dir='ltr'>magnitudine,</span> <span class='ocrx_word' id='word_1_161' title='bbox 1044 3135 1148 3201; x_wconf 88' lang='lat' dir='ltr'>seu</span> <span class='ocrx_word' id='word_1_162' title='bbox 1211 3139 1404 3202; x_wconf 91' lang='lat' dir='ltr'>animi</span> <span class='ocrx_word' id='word_1_163' title='bbox 1466 3135 1806 3201; x_wconf 90' lang='lat' dir='ltr'>mobilitate</span> <span class='ocrx_word' id='word_1_164' title='bbox 1868 3133 2138 3225; x_wconf 80' lang='lat' dir='ltr'>impulsi,</span> <span class='ocrx_word' id='word_1_165' title='bbox 2201 3159 2330 3224; x_wconf 93' lang='lat' dir='ltr'>quo</span> 
     </span>
     <span class='ocr_line' id='line_1_24' title="bbox 206 3256 2330 3351; baseline 0.002 -29"><span class='ocrx_word' id='word_1_166' title='bbox 206 3256 478 3324; x_wconf 92' lang='lat' dir='ltr'>studium</span> <span class='ocrx_word' id='word_1_167' title='bbox 527 3260 707 3326; x_wconf 92' lang='lat' dir='ltr'>suum</span> <span class='ocrx_word' id='word_1_168' title='bbox 757 3264 823 3326; x_wconf 93' lang='lat' dir='ltr'>in</span> <span class='ocrx_word' id='word_1_169' title='bbox 872 3261 1322 3351; x_wconf 92' lang='lat' dir='ltr'>rempublicam</span> <span class='ocrx_word' id='word_1_170' title='bbox 1374 3262 1591 3328; x_wconf 90' lang='lat' dir='ltr'>clarius</span> <span class='ocrx_word' id='word_1_171' title='bbox 1642 3263 1808 3343; x_wconf 86' lang='lat' dir='ltr'>effet,</span> <span class='ocrx_word' id='word_1_172' title='bbox 1859 3262 2201 3350; x_wconf 90' lang='lat' dir='ltr'>egredienti</span> <span class='ocrx_word' id='word_1_173' title='bbox 2252 3287 2330 3327; x_wconf 88' lang='lat' dir='ltr'>ex</span> 
     </span>
    </p>
   </div>
   <div class='ocr_carea' id='block_1_7' title="bbox 208 3387 1404 3476">
    <p class='ocr_par' dir='ltr' id='par_1_7' title="bbox 208 3387 1404 3476">
     <span class='ocr_line' id='line_1_25' title="bbox 208 3387 1404 3476; baseline 0.005 -27"><span class='ocrx_word' id='word_1_174' title='bbox 208 3388 434 3451; x_wconf 88' lang='lat' dir='ltr'>Senatu</span> <span class='ocrx_word' id='word_1_175' title='bbox 467 3387 686 3453; x_wconf 88' lang='lat' dir='ltr'>Caesari</span> <span class='ocrx_word' id='word_1_176' title='bbox 718 3387 926 3476; x_wconf 90' lang='lat' dir='ltr'>gladio</span> <span class='ocrx_word' id='word_1_177' title='bbox 959 3390 1404 3455; x_wconf 89' lang='lat' dir='ltr'>minitarentur.</span> 
     </span>
    </p>
   </div>
  </div>
 </body>
</html>
