2722 4146
389 267 469 327 16
910 265 985 326 C.
1058 263 1386 325 CRISPI
1462 262 1976 325 SALLUSTII

1374 562 1525 614 XIX.

631 688 983 751 X‘'OSTEA
1018 685 1154 750 Piso
1187 687 1252 748 in
1285 686 1635 749 citeriorem
1680 683 2045 773 Hispaniam
2086 685 2365 775 Qlaestffl‘
2398 711 2511 776 Pro

644 858 678 899 -Χ
744 817 1007 878 Praetore
1072 811 1280 876 miffus
1334 810 1422 876 est
1472 811 1789 876 adnitente
1846 811 2081 891 Craffo,
2137 812 2311 900 quod
2365 838 2512 878 eum

740 938 1032 1005 infestum
1065 940 1394 1003 inimicum
1420 941 1541 1003 Cn.
1572 939 1876 1027 Pompeio
1902 954 2294 1026 cognoverat.
2373 942 2511 1004 Ne-

376 1089 498 1153 que
523 1083 732 1131 tamen
758 1071 1012 1132 Senatus
1038 1067 1421 1155 provinciam
1446 1066 1670 1130 invitus
1696 1065 1976 1130 dederat:
2014 1067 2247 1155 quippe
2273 1062 2514 1132 foedum

376 1190 699 1259 hominem
743 1219 780 1259 a
818 1193 1134 1284 republica
1176 1192 1393 1282 procul
1439 1192 1557 1257 effe
1596 1191 1879 1257 volebat:
1944 1190 2126 1257 fimul
2173 1194 2321 1282 quia
2363 1193 2513 1258 boni

377 1319 726 1409 complures
770 1318 1120 1410 praefidium
1159 1321 1223 1383 in
1268 1343 1345 1383 eo
1392 1318 1733 1408 putabant:
1785 1335 1850 1383 et
1884 1317 2021 1408 jam
2061 1336 2197 1383 tum
2237 1323 2515 1409 potentia

376 1448 497 1510 Cn.
536 1449 821 1535 Pompeii
854 1445 1252 1512 formidolosa
1284 1463 1430 1511 erat.
1531 1446 1649 1510 Sed
1691 1447 1740 1509 is
1786 1444 1923 1509 Piso
1971 1447 2036 1509 in
2080 1447 2399 1535 provincia
2436 1446 2515 1512 ab

375 1574 682 1661 equitibus
734 1574 1045 1665 HispaniS,
1102 1598 1258 1663 quos
1314 1575 1380 1637 in
1431 1575 1707 1638 exercitu
1758 1571 2069 1653 ductabat,
2122 1575 2239 1638 iter
2286 1571 2515 1639 faciens

375 1699 607 1764 occisus
664 1699 767 1766 est.
898 1706 1076 1782 Sunt,
1133 1702 1242 1789 qui
1297 1702 1384 1764 ita
1439 1700 1696 1764 dicunt:
1771 1702 2029 1789 imperia
2084 1700 2213 1790 ejus
2270 1699 2512 1790 injusta,

374 1824 651 1915 superba,
687 1827 962 1892 crudelia
993 1827 1278 1892 barbaros
1311 1826 1647 1916 nequiviffe
1673 1829 1838 1918 pati:
1889 1826 1992 1892 alii
2018 1844 2252 1908 autem,
2278 1830 2515 1917 equites

374 1951 532 2032 illos,
573 1956 695 2018 Cn.
745 1955 1027 2043 Pompeii
1076 1970 1307 2018 veteres
1359 1951 1639 2042 fidosque
1690 1952 1966 2033 clientes,
2015 1952 2335 2020 voluntate
2383 1954 2514 2044 ejus

376 2078 663 2144 Pisonem
696 2079 1042 2168 adgressos:
1090 2105 1438 2169 numquam
1471 2079 1782 2170 Hispanos
1808 2096 2098 2169 praeterea
2122 2079 2242 2145 tale
2275 2078 2513 2146 facinus

373 2203 598 2287 feciffe,
644 2206 746 2271 sed
795 2209 1053 2297 imperia
1096 2207 1242 2272 saeva
1285 2206 1483 2272 multa
1530 2224 1712 2272 antea
1754 2205 2079 2296 perpessos,
2197 2211 2335 2271 Nos
2373 2231 2512 2272 eam

373 2357 502 2397 rem
537 2335 599 2397 in
637 2334 847 2399 medio
886 2333 1325 2423 relinquemus,
1426 2338 1525 2398 De
1565 2333 1874 2423 superiore
1914 2331 2342 2422 conjuratione
2379 2333 2513 2400 satis
2567 2365 2572 2369 ⁴

375 2462 628 2526 dictum.

1379 2719 1499 2770 XX.

398 2907 429 2949 y
456 2845 1096 2986 „aMATILINA
1144 2844 1253 2908 ubi
1299 2869 1426 2923 eos,
1478 2866 1633 2932 quos
1684 2837 1897 2929 paullo
1952 2855 2094 2903 ante
2146 2841 2510 2919 memoravi,

447 2970 470 2989 ξ
570 2997 580 3004 ’
632 2967 668 3034 1⁴
738 2969 1084 3034 conveniffe
1118 2969 1321 3034 videt.
1382 2966 1623 3034 tametfi
1654 2994 1802 3034 cum
1835 2966 2088 3056 fingulis
2128 2967 2326 3034 multa
2357 2968 2510 3059 saepe

605 3129 631 3139 ⁴
659 3092 674 3128 ¹
739 3112 966 3182 egerat,
993 3112 1202 3160 tamen
1235 3098 1300 3159 in
1332 3121 1465 3160 rem
1495 3094 1628 3161 fore
1661 3095 1918 3160 credens
1950 3094 2261 3160 universos
2293 3094 2510 3185 adpel—

374 3218 498 3283 lare
544 3236 606 3283 et
650 3219 979 3300 cohortari,
1028 3224 1092 3285 in
1138 3222 1412 3287 abditam
1460 3239 1697 3311 partem
1743 3222 1972 3287 aedium
2018 3220 2272 3301 secessit,
2322 3238 2509 3310 atque

375 3346 481 3425 ibi,
528 3347 814 3410 omnibus
862 3348 1095 3412 arbitris
1139 3348 1356 3437 procul
1404 3351 1646 3428 amotiS,
1691 3351 2037 3413 orationem
2082 3347 2511 3437 hujuscemodi

375 3470 610 3537 habuit.

516 3606 555 3636 “
594 3601 684 3662 Ni
715 3601 900 3663 virtus
944 3597 1218 3690 fidesque
1251 3600 1446 3667 vostra
1489 3601 1754 3691 spectata
1787 3599 1941 3666 mihi
1986 3599 2214 3681 forent,
2249 3603 2505 3690 nequic-
