2722 4146
381 215 510 276 160
879 213 956 276 C.
1022 210 1334 273 CRISPI
1402 209 1893 273 SALLUSTII

374 385 717 451 occisorum
772 408 1032 474 corpora
1085 383 1329 462 vadere,
1391 382 1553 447 avidi
1613 382 1819 471 gloriae
1884 401 2183 452 certantes
2242 411 2494 454 murum

374 530 605 602 petere,
640 533 844 598 neque
880 533 1264 598 quemquam
1298 510 1584 573 omnium
1616 510 1820 600 praeda
1852 514 2096 577 morari.
2193 516 2290 580 Sic
2335 513 2494 582 forte

375 642 646 703 correcta
679 638 865 700 Marii
898 638 1228 716 temeritaS,
1262 633 1525 724 gloriam
1557 659 1635 700 ex
1666 634 1852 726 culpa
1883 638 2136 704 invenit.

1347 1021 1518 1075 XCV.

375 1541 523 1590 erat.
621 1525 741 1590 Sed
790 1526 1088 1613 quoniam
1140 1549 1251 1589 nos
1301 1526 1457 1590 tanti
1503 1525 1614 1588 viri
1661 1548 1753 1588 res
1801 1523 2150 1605 admonuit,
2197 1524 2497 1591 idoneum

375 1650 571 1716 visum
623 1649 732 1730 est,
779 1649 857 1714 de
901 1666 1120 1715 natura
1163 1649 1463 1739 cultuque
1510 1649 1640 1739 ejus
1682 1652 1892 1739 paucis
1942 1651 2165 1717 dicere.
2264 1656 2497 1742 Neque

376 1779 546 1842 enim
583 1775 705 1841 alio
745 1775 890 1841 loco
935 1776 1012 1841 de
1058 1776 1226 1842 Sulla
1263 1777 1444 1841 rebus
1488 1776 1709 1841 dicturi
1752 1774 1980 1856 summ,
2013 1792 2077 1840 et
2118 1779 2191 1841 L.
2227 1776 2496 1859 Sisenna,

378 1920 639 1993 optume
671 1920 734 1968 et
765 1902 1242 1991 diligentissume
1275 1906 1582 1982 omnium,
1615 1903 1725 1990 qui
1755 1926 1854 1966 eas
1897 1927 1990 1967 res
2029 1903 2260 1984 dixere,
2292 1904 2497 1994 perse-

375 2047 578 2110 cutu8,
612 2055 833 2120 parum
873 2029 1029 2095 mihi
1069 2029 1264 2095 libero
1303 2055 1410 2094 ore
1453 2029 1698 2093 locutus
1739 2028 2000 2094 videtur.
2097 2032 2296 2119 Igitur
2329 2031 2498 2098 Sulla

374 2159 573 2244 gentis
606 2159 872 2246 patriciae
905 2156 1128 2221 nobilis
1172 2155 1312 2237 fuit,
1353 2155 1586 2221 familia
1630 2180 1823 2245 prope
1853 2154 1989 2245 jam
2031 2155 2324 2223 exstincta
2361 2183 2497 2225 ma-

369 2284 583 2374 jorum
614 2287 897 2373 ignavia3
948 2283 1134 2349 literis
1167 2286 1395 2349 Graecis
1433 2299 1620 2374 atque
1655 2284 1885 2347 Latinis
1917 2281 2100 2372 juxta
2136 2284 2524 2352 doetiffume-

375 2413 672 2492 erudituS,
729 2415 939 2478 animo
994 2414 1255 2500 ingenti,
1313 2413 1576 2502 cupidus
1638 2410 2054 2500 voluptatum,
2119 2411 2223 2477 sed
2287 2411 2494 2501 gloriae

375 2539 701 2628 cupidior:
761 2541 891 2604 otio
939 2538 1251 2604 luxurioso
1288 2538 1429 2619 effe,
1474 2555 1682 2604 tamen
1727 2539 1805 2604 ab
1850 2542 2112 2628 negotiis
2148 2564 2496 2630 numquam

375 2666 658 2756 voluptas
689 2683 1016 2745 remorata,
1056 2664 1168 2730 nifi
1202 2666 1372 2754 quod
1403 2666 1480 2730 de
1514 2689 1707 2731 uxore
1743 2668 1950 2755 potuit
1985 2664 2297 2731 honestius
2323 2666 2494 2732 ⁴con-

375 2793 525 2858 suli:
585 2792 910 2872 facunduS,
961 2792 1240 2873 callidus),
1289 2810 1353 2858 et
1399 2792 1670 2858 amicitia
1724 2791 1956 2858 facilis:
2017 2792 2097 2857 ad
2151 2790 2495 2860 fimulanda

375 2923 626 3009 negotia
681 2921 945 2986 altitudo
1001 2922 1235 3009 ingenii
1289 2919 1701 2985 incredibilis:
1766 2917 2106 2984 multarum
2157 2943 2364 2985 rerum
2418 2945 2492 2986 ac

375 3071 665 3112 maxume
704 3050 981 3137 pecuniae
1025 3047 1296 3136 largitor.
1394 3053 1608 3137 Atque
1645 3045 1757 3126 illi,
1800 3044 2165 3110 feliciffumo
2207 3048 2491 3113 omnium

376 3189 518 3237 ante
559 3173 803 3238 civilem
850 3176 1187 3255 victoriam,
1227 3199 1575 3264 numquam
1617 3173 1795 3263 super
1838 3170 2196 3237 industriam
2243 3169 2491 3240 fortuna

376 3297 530 3363 fuit:
580 3298 889 3387 multique
924 3299 1303 3380 dubitavere,
1338 3298 1554 3365 fortior
1586 3325 1665 3365 an
1691 3298 1930 3364 felicior
1954 3297 2135 3377 effet3
2186 3322 2332 3363 nam
2355 3298 2492 3388 post

374 3450 447 3490 ea
478 3449 613 3514 quae
650 3423 887 3505 fecerit,
920 3428 1229 3491 incertum
1260 3427 1484 3508 habe0,
1518 3428 1751 3517 pudeat
1789 3426 1983 3512 magis
2015 3448 2094 3489 an
2126 3426 2336 3516 pigeat
2366 3425 2488 3491 dis-

371 3553 581 3617 serere.
