2722 4146
396 301 476 360 72
918 280 993 341 c,
1080 277 1412 341 CRISPI
1488 275 2000 338 SALLusTn

391 433 683 531 fecerant,
717 450 916 539 reguli
959 453 1023 514 in
1067 474 1269 514 unum
1309 430 1756 528 convenerunt,
1789 464 1862 512 ut
1892 449 2051 512 inter
2083 446 2140 512 se
2174 447 2252 512 de
2284 450 2517 514 cunctis

390 579 652 665 negotiis
696 576 1123 667 disceptarent.
1227 575 1346 639 Sed
1393 573 1741 664 Hiempsal,
1775 576 1886 663 qui
1930 576 2245 639 minumus
2289 599 2366 639 ex
2404 574 2521 640 illis

387 720 538 783 erat,
563 719 782 767 natura
812 700 1010 781 ferox,
1046 719 1110 767 et
1130 701 1267 791 jam
1300 718 1483 766 antea
1515 700 1971 788 ignobilitatem
2003 700 2348 793 Jugurthae,
2376 704 2523 791 quia

387 845 669 894 materno
714 852 939 916 genere
983 830 1183 918 impar
1226 846 1376 907 erat,
1422 826 1787 916 despicienS‚
1831 827 2048 892 dextra
2098 805 2522 892 Adherbalem

386 955 620 1035 affedit,
650 980 729 1020 ne
762 955 1006 1020 medius
1041 980 1117 1020 ex
1149 955 1361 1035 tribu8‚
1389 955 1561 1043 quod
1594 954 1763 1044 apud
1798 954 2109 1019 Numidas
2142 952 2369 1019 honori
2401 955 2521 1020 du-

386 1085 565 1162 citur,
598 1082 912 1175 Jugurtha
956 1081 1136 1148 foret.
1238 1083 1487 1147 Deinde
1529 1069 1763 1162 tamen,
1809 1099 1881 1146 ut
1923 1083 2085 1146 aetati
2126 1081 2519 1162 concederet,

385 1208 673 1297 fatigatus
706 1234 742 1274 a
774 1208 985 1289 fratre,
1017 1212 1120 1274 vix
1153 1211 1219 1273 in
1252 1209 1511 1274 alteram
1544 1227 1785 1299 partem
1819 1208 2199 1274 transductus
2232 1207 2338 1274 est.
2425 1208 2521 1276 Ibi

383 1360 582 1424 quum
627 1334 824 1401 multa
858 1336 936 1401 de
971 1334 1459 1401 administrando
1491 1339 1756 1427 imperio
1801 1336 2175 1415 dissererent,
2208 1334 2520 1426 Jugurtha

384 1465 544 1526 inter
575 1461 720 1527 alias
753 1487 846 1526 res
870 1464 1063 1554 jacit:
1114 1480 1399 1552 oportere
1433 1465 1848 1552 quinquennii
1881 1461 2156 1527 consulta
2180 1479 2244 1526 et
2273 1461 2520 1525 decreta

383 1589 595 1651 omnia
615 1586 896 1666 rescindi,
918 1612 1065 1651 nam
1085 1612 1196 1676 per
1215 1613 1288 1653 ea
1313 1606 1596 1679 tempora
1616 1588 1975 1654 confectum
1995 1590 2170 1654 annis
2191 1587 2520 1677 Micipsam

382 1737 604 1801 parum
652 1715 863 1778 animo
912 1713 1180 1779 valuiffe.
1289 1718 1461 1780 Tum
1512 1717 1682 1781 idem
1735 1715 2059 1805 Hiempsal
2112 1713 2356 1804 placere
2407 1712 2520 1779 fibi

385 1838 701 1927 respondit
720 1866 739 1919 5
790 1864 937 1905 nam
971 1840 1172 1930 ipsum
1204 1841 1381 1907 illum
1418 1843 1607 1908 tribus
1640 1845 1955 1932 proxumis
1980 1844 2154 1908 annis
2180 1841 2518 1930 adoptione

381 1967 446 2028 in
502 1990 766 2053 regnum
824 1967 1195 2056 pervenisse:
1267 1970 1441 2057 quod
1495 1970 1753 2034 verbum
1808 1971 1874 2033 in
1931 1975 2141 2058 pectus
2192 1967 2517 2060 Jugurthae

380 2090 581 2171 altiu8‚
616 2117 807 2181 quam
849 2093 1173 2182 quisquam
1218 2112 1382 2160 ratus
1422 2114 1572 2176 erat,
1617 2095 1951 2160 descendit.
2070 2099 2290 2184 Itaque
2334 2120 2409 2160 ex
2441 2120 2518 2160 eo

380 2237 683 2308 tempore,
716 2222 804 2284 ira
847 2237 911 2284 et
951 2239 1121 2285 metu
1166 2225 1402 2303 anxius,
1436 2222 1663 2303 moliri,
1698 2248 1933 2312 parare,
1977 2239 2164 2311 atque
2209 2246 2282 2287 ea
2323 2221 2517 2287 modo

379 2371 526 2410 cum
571 2348 783 2410 animo
827 2345 1076 2427 habere,
1112 2348 1335 2436 quibus
1387 2347 1714 2437 Hiempsal
1759 2373 1869 2437 per
1908 2346 2129 2412 dolum
2173 2353 2510 2436 caperetur.
2561 2359 2566 2363 ’

381 2477 534 2562 Qae
586 2472 696 2536 ubi
748 2474 977 2537 tardius
1034 2475 1407 2563 procedunt,
1461 2500 1666 2564 neque
1716 2475 1946 2540 lenitur
2001 2476 2244 2539 animus
2301 2472 2513 2553 ferox3

380 2597 588 2663 statuit
620 2602 835 2687 quovis
869 2601 1064 2666 modo
1097 2604 1422 2692 inceptum
1455 2600 1773 2692 perficere.

1387 2857 1512 2908 XII.

386 3373 630 3444 tempus
657 3358 734 3421 ad
755 3375 1083 3450 utramque
1104 3387 1236 3426 rem
1256 3363 1629 3442 decernitur,
1639 3362 1741 3427 sed
1763 3363 2060 3427 maturius
2081 3362 2158 3426 ad
2182 3362 2514 3450 pecuniam

386 3477 891 3548 distribuendam.
993 3486 1225 3573 Reguli
1265 3491 1499 3552 interea
1539 3491 1604 3552 in
1647 3487 1787 3552 loca
1829 3489 2180 3576 propinqua
2223 3484 2514 3550 thesauris

384 3602 536 3669 alius
591 3605 714 3670 alio
759 3611 1124 3676 concessere.
1243 3615 1362 3678 Sed
1417 3613 1741 3704 Hiempsal
1793 3616 1855 3678 in
1908 3612 2143 3702 oppido
2186 3610 2514 3675 Thirmida
