2722 4146
403 304 532 345 110
924 284 1001 347 C.
1073 282 1396 345 CRISPI
1463 283 1972 346 SALLUSTII

398 457 619 522 darum
650 454 941 536 infidum,
967 458 1222 544 ingenio
1254 455 1493 535 mobili,
1526 480 1828 520 novarum
1859 481 2065 520 rerum
2097 455 2351 521 avidum
2383 455 2522 520 effe.

400 589 618 673 Itaque
642 582 878 671 legatos
902 582 1094 648 alium
1119 582 1197 647 ab
1222 580 1345 647 alio
1370 581 1631 647 diversos
1662 581 2055 669 aggreditur;
2106 606 2179 646 ac
2205 581 2529 672 paullatim

401 709 724 788 tentando,
768 707 1099 798 postquam
1147 724 1533 799 opportunos
1583 705 1694 772 fibi
1738 708 2053 794 cognovit,
2098 705 2296 771 multa
2344 704 2530 796 polli-

404 834 608 900 cendo
632 835 976 925 persuadet,
1010 838 1103 900 uti
1128 832 1510 928 Jugurtham
1540 855 1834 897 maxume
1855 833 2086 912 vivum,
2107 829 2198 897 fin
2221 810 2289 897 id
2311 823 2533 922 parum

402 962 721 1049 procedat,
765 979 1060 1028 necatum
1108 960 1220 1027 fibi
1264 961 1615 1027 traderent:
1674 976 1955 1024 ceterum
1998 958 2227 1049 palam,
2270 983 2407 1048 quae
2443 964 2534 1024 rex

402 1082 720 1150 voluntate
765 1082 994 1166 forent,
1031 1087 1164 1174 regi
1203 1088 1500 1152 nunciare
1535 1085 1738 1176 jubet.
1848 1087 2098 1151 Deinde
2150 1085 2275 1176 ipse
2317 1087 2534 1175 paucis

405 1210 644 1292 diebuS,
669 1213 911 1277 intento
935 1229 1123 1301 atque
1147 1210 1372 1278 infesto
1395 1215 1692 1294 exercitu,
1718 1215 1784 1278 in
1807 1214 2180 1280 Numidiam
2211 1212 2532 1302 procedit:

405 1336 536 1417 ubi,
589 1355 808 1404 contra
862 1337 1010 1404 belli
1065 1338 1314 1420 faciem,
1366 1343 1621 1428 tuguria.
1665 1338 1854 1429 plena
1902 1339 2257 1419 hominum,
2310 1362 2538 1428 pecora

407 1462 794 1554 cultoresque
825 1468 891 1532 in
921 1468 1078 1555 agris
1109 1485 1322 1534 erant:
1381 1493 1460 1534 ex
1491 1469 1737 1559 oppidis
1774 1486 1839 1534 et
1878 1467 2224 1558 mapalibus
2267 1465 2538 1557 praefeffi

407 1592 565 1678 regis
597 1591 845 1658 obviam
883 1594 1324 1683 procedebant,
1357 1598 1554 1685 parati
1595 1594 1982 1660 frumentum
2014 1594 2182 1675 dare,
2216 1617 2537 1659 commea-

409 1736 546 1784 tum
600 1737 869 1809 portare,
925 1719 1238 1810 postremo
1294 1724 1528 1802 omnia,
1586 1720 1721 1811 quae
1785 1723 2256 1811 imperarentur,
2313 1717 2533 1784 facere.

410 1848 642 1934 Neque
663 1845 959 1912 Metellus
982 1849 1211 1912 iccirco
1231 1850 1459 1928 minuS,
1479 1847 1583 1912 sed
1607 1849 1834 1937 pariter
1853 1872 1927 1912 ac
1951 1845 1998 1912 fi
2022 1845 2222 1912 hostes
2242 1845 2535 1926 adeffent,

409 1973 656 2036 munito
687 1973 936 2059 agmine
967 1972 1279 2052 incedere,
1309 1972 1433 2038 late
1466 1972 1806 2063 explorare,
1828 1974 2040 2038 omnia
2070 1971 2176 2036 illa
2207 1972 2537 2037 deditionis

408 2098 581 2189 figna
610 2099 878 2166 ostentui
907 2102 1181 2181 credere,
1212 2119 1279 2166 et
1308 2098 1539 2166 insidiis
1571 2099 1787 2164 locum
1819 2115 2077 2166 tentare.
2143 2102 2382 2188 ‘Itaque
2414 2098 2539 2188 ipse

411 2252 560 2293 cum
601 2227 900 2317 expeditis
939 2227 1320 2308 cohortibu8,
1353 2230 1507 2293 item
1550 2226 1943 2292 funditorum
1986 2242 2051 2291 et
2090 2224 2539 2313 sagittariorum

410 2352 647 2418 deleffi'ta
699 2377 892 2419 manu
943 2354 1114 2443 apud
1163 2356 1396 2444 primos
1432 2372 1579 2443 ‘erat
1597 2381 1618 2435 3
1691 2356 1757 2419 in
1809 2352 2121 2443 postremo
2170 2355 2248 2418 C.
2301 2352 2559 2415 Marius

409 2479 647 2568 legatus
679 2506 828 2546 cum
858 2483 1168 2571 equitibus
1193 2482 1485 2548 curabat:
1536 2484 1603 2546 in
1635 2497 1974 2569 utrumque
2003 2478 2162 2545 latus
2194 2476 2539 2543 auxiliarios

413 2610 649 2696 equites
674 2609 933 2674 tribunis
964 2608 1289 2698 legionum
1312 2626 1375 2674 et
1399 2608 1692 2699 praefedtis
1719 2605 2075 2672 cohortium
2102 2604 2538 2695 dispertiverat,

412 2738 505 2800 uti
530 2761 677 2801 cum
699 2735 793 2801 his
818 2738 1107 2826 permixti
1131 2735 1365 2816 veliteS,
1387 2759 1791 2824 quocumque
1816 2733 2205 2811 accederent,
2233 2733 2539 2821 equitatus

414 2859 685 2927 hostium
716 2861 1163 2953 propulsarent.
1263 2865 1438 2927 Nam
1480 2863 1546 2926 in
1577 2859 1892 2954 Jugurtha
1929 2877 2134 2925 tantus
2169 2857 2356 2924 ‘dolus
2400 2874 2540 2923 tan-

416 3005 602 3077 taque
635 2980 853 3078 peritia
889 2988 1176 3054 locorum
1207 3006 1271 3054 et
1312 2987 1543 3053 militiae
1577 3005 1727 3068 erat,
1759 3004 1852 3067 ut,
1885 2986 2095 3051 absens
2135 3010 2215 3050 an
2262 2983 2539 3076 praesenS,

419 3139 639 3203 pacem
670 3140 750 3180 an
783 3113 1019 3181 bellum
1060 3139 1299 3204 gerens,
1331 3111 1730 3205 perniciosior
1761 3112 1928 3193 effet,
1959 3114 2023 3177 in
2066 3113 2304 3177 incerto
2346 3110 2540 3176 habe-

417 3257 602 3306 retur.
