2722 4146
383 274 508 332 142
894 250 976 309 C.
1051 247 1375 309 CRISPI
1445 246 1965 308 SALLUSTII

1332 675 1554 728 LXXX.

368 1203 564 1267 genus
597 1178 930 1245 hominum
960 1179 1164 1245 ferum
1196 1179 1633 1269 incultumque
1673 1197 1738 1244 et
1778 1203 1854 1244 eo
1887 1195 2169 1268 tempore
2212 1180 2498 1267 ignarum

370 1307 638 1369 nominis
685 1307 982 1372 Romani.
1015 1322 1017 1324 ’
1082 1310 1320 1372 Eorum
1352 1305 1825 1372 multitudinem
1867 1307 1931 1369 in
1966 1329 2167 1369 unum
2199 1306 2390 1392 cogit,
2424 1329 2498 1370 ac

368 1434 694 1523 paullatim
738 1433 1117 1500 consuefacit
1159 1435 1402 1500 ordines
1445 1433 1693 1513 habere,
1725 1431 1899 1521 figna
1940 1431 2132 1521 sequi,
2165 1433 2497 1521 imperium

368 1561 702 1641 observare,
736 1563 888 1627 item
921 1561 1041 1627 alia
1079 1561 1368 1626 militaria
1410 1560 1633 1626 facere.
1731 1564 2029 1626 Praeterea
2070 1559 2228 1646 regis
2263 1557 2499 1624 Bocchi

366 1712 702 1777 proxumos
727 1690 966 1777 magnis
989 1689 1344 1753 muneribus
1363 1706 1426 1753 et
1450 1686 1779 1777 majoribus
1800 1684 2101 1776 promiffis
2125 1685 2204 1750 ad
2224 1683 2496 1751 studium

366 1816 455 1881 sui
488 1818 816 1906 perducit3
877 1815 1012 1906 quis
1056 1816 1440 1909 adjutoribus
1482 1840 1693 1904 regem
1733 1812 2039 1902 aggreffus
2086 1809 2373 1901 impellit,
2403 1813 2495 1877 uti

366 1943 684 2008 adversum
735 1942 1059 2008 Romanos
1105 1943 1341 2008 bellum
1385 1942 1683 2031 suscipiat.
1783 1941 1859 2005 Id
1901 1965 1976 2005 ea
2014 1941 2209 2027 gratia
2255 1937 2495 2004 facilius

367 2069 815 2159 procliviusque
849 2069 989 2151 fuit,
1023 2071 1196 2159 quod
1231 2067 1516 2134 Bocchus
1558 2069 1738 2132 initio
1779 2065 2031 2155 hujusce
2075 2064 2224 2131 belli
2259 2064 2494 2154 legatos

367 2203 643 2262 Romam
684 2197 946 2278 miserat,
996 2197 1197 2263 foedus
1236 2213 1300 2262 et
1336 2197 1675 2261 amicitiam
1722 2196 2029 2284 petitum3
2103 2217 2296 2283 quam
2338 2217 2495 2272 rem,

365 2325 969 2414 opportunissumam
1023 2327 1276 2414 incepto
1333 2321 1522 2402 bello,
1576 2322 1762 2411 pauci
1816 2319 2293 2410 impediverant,
2348 2319 2525 2383 caeci·

364 2454 632 2532 avaritia,
675 2450 809 2541 quis
861 2455 1073 2518 omnia
1123 2449 1380 2517 honesta
1431 2467 1618 2538 atque
1669 2445 1993 2513 inhonesta
2043 2446 2309 2512 vendere
2358 2470 2494 2511 mos

365 2598 511 2645 erat.
612 2583 819 2645 Etiam
852 2598 1035 2645 antea
1065 2577 1387 2671 Jugurthae
1422 2576 1551 2642 filia
1584 2575 1819 2642 Bocchi
1851 2574 2157 2665 nupserat.
2251 2578 2493 2640 Verum

366 2733 438 2773 ea
470 2707 851 2774 neceffitudo
882 2708 1051 2798 apud
1086 2707 1398 2772 Numidas
1430 2704 1807 2792 Maurosque
1849 2701 1996 2768 levis
2044 2702 2314 2782 ducitur,
2347 2703 2495 2791 quia

367 2833 611 2923 finguli,
664 2860 777 2924 pro
829 2835 1049 2925 opibus
1101 2833 1380 2923 quisque,
1433 2857 1624 2921 quam
1676 2829 1969 2920 plurimas
2016 2852 2263 2908 uxoreS,
2305 2827 2493 2894 denas

367 2961 491 3042 alii,
524 2961 629 3026 alii
671 2961 876 3051 plures
922 2961 1156 3027 habent
1179 2988 1201 3042 3
1262 2960 1365 3025 sed
1396 2983 1568 3047 reges
1611 2982 1688 3023 eo
1731 2954 2015 3046 amplius,
2112 2958 2210 3023 Ita
2251 2955 2493 3020 animus

371 3087 770 3152 multitudine
820 3086 1172 3153 distrahitur
1191 3113 1211 3167 3
1274 3085 1515 3152 nullam
1562 3110 1677 3175 pro
1721 3083 1883 3149 socia
1926 3082 2206 3149 obtinet:
2267 3083 2489 3172 pariter

369 3239 585 3280 omnes
615 3214 760 3280 viles
793 3214 950 3280 sunt.

2701 3180 2707 3191 ⁴
2701 3121 2714 3165 ἐπ’,
2702 3059 2722 3106 ⁸⁴⁷⁸)
2700 2922 2722 3045 &wrin-
