2722 4146
325 249 365 309 6
857 243 933 305 C.
1003 241 1332 305 CRISPI
1402 240 1920 304 SALLUSTII

325 418 579 508 satisque
604 417 843 508 pollens
862 417 1203 496 videbatur,
1231 413 1411 479 sicuti
1434 412 1729 503 pleraque
1750 413 2108 480 mortalium
2127 414 2454 494 habentur,

325 546 554 610 invidia
584 569 661 609 ex
702 542 1023 633 opulentia
1059 559 1193 607 orta
1232 540 1339 606 est.
1453 542 1651 629 Igitur
1697 564 1869 628 reges
1918 540 2260 631 populique
2308 539 2456 606 fini-

328 672 487 736 tumi
519 669 684 735 bello
716 686 989 734 tentare:
1038 668 1223 757 pauci
1254 691 1332 730 ex
1364 668 1576 731 amicis
1601 666 1834 732 auxilio
1858 667 1977 732 effe
2002 694 2023 747 ;
2069 692 2215 733 nam
2248 670 2458 748 ceteri,

329 813 499 861 metu
532 793 815 886 perculfi,
848 820 884 860 a
922 791 1208 884 periculis
1246 791 1518 859 aberant.
1615 798 1706 858 At
1750 795 2046 873 Romani,
2080 794 2253 859 domi
2291 793 2456 859 mili-

329 924 549 1011 tiaeque
587 923 832 1001 intenti,
865 919 1167 999 festinare,
1201 943 1436 1008 parare,
1467 917 1620 984 alius
1660 919 1851 985 alium
1894 919 2149 1000 hortari,
2186 919 2459 985 hostibus

329 1049 574 1113 obviam
622 1051 732 1129 ire,
788 1047 1155 1126 libertatem,
1208 1047 1492 1135 patriam,
1543 1044 1944 1135 parentesque
1994 1047 2175 1111 armis
2232 1062 2459 1134 tegere.

330 1173 495 1254 Post,
546 1175 655 1239 ubi
704 1173 979 1264 pericula
1033 1176 1257 1239 virtute
1313 1172 1736 1263 propulerant,
1786 1171 1959 1237 sociis
2013 1189 2200 1261 atque
2249 1173 2461 1236 amicis

330 1301 557 1367 auxilia
593 1301 941 1391 portabant,
987 1299 1303 1389 magisque
1336 1300 1578 1381 dandiS,
1612 1324 1804 1389 quam
1847 1299 2230 1389 accipiundis
2268 1299 2461 1364 bene-

330 1427 486 1494 ficiis
548 1431 844 1494 amicitias
914 1428 1230 1519 parabant.
1359 1428 1704 1518 Imperium
1772 1425 2147 1514 legitimum,
2225 1450 2461 1491 nomen

331 1557 574 1644 imperii
628 1557 869 1642 regium
932 1553 1263 1619 habebant.
1393 1553 1659 1633 Deleffl,
1716 1553 1940 1641 quibus
2002 1577 2227 1642 corpus
2284 1555 2460 1618 annis

330 1678 675 1761 infirmum,
714 1683 1037 1769 ingenium
1075 1679 1368 1770 sapientia
1409 1679 1686 1746 validum
1729 1697 1879 1759 erat,
1912 1678 2263 1770 reipublicae
2311 1705 2460 1745 con-

331 1807 675 1887 sultabant3
726 1807 793 1872 hi
823 1807 920 1872 vel
965 1823 1163 1887 aetate,
1194 1806 1294 1872 vel
1330 1832 1489 1872 curae
1533 1804 1956 1885 similitudine,
1999 1822 2199 1896 patres
2242 1805 2459 1896 appel-

330 1934 634 2003 labantur.
733 1932 898 2014 Post,
938 1934 1047 1999 ubi
1090 1935 1332 2022 regium
1374 1935 1728 2023 imperium,
1773 1935 1947 2023 quod
1988 1935 2167 1999 initio
2214 1933 2461 1999 conser-

329 2063 540 2127 vandae
584 2061 876 2126 libertatis
914 2078 1101 2150 atque
1144 2062 1443 2150 augendae
1486 2059 1836 2150 reipublicae
1876 2058 2096 2141 fuerat,
2140 2062 2206 2125 in
2248 2060 2459 2151 super-

331 2187 495 2253 biam
552 2189 1173 2277 dominationemque
1231 2189 1556 2267 convertit,
1613 2188 1946 2252 immutato
1999 2211 2196 2267 more,
2252 2211 2461 2253 annua

327 2316 586 2404 imperia
619 2313 915 2403 binosque
949 2316 1347 2403 imperatores
1372 2311 1484 2378 fibi
1516 2312 1737 2379 fecere.
1838 2318 1934 2378 Eo
1958 2314 2153 2379 modo
2178 2316 2460 2380 minume
2566 2366 2571 2370 -

330 2441 495 2531 pofl‘e
529 2441 831 2530 putabant
861 2465 970 2529 per
1001 2440 1315 2506 licentiam
1348 2439 1704 2505 insolescere
1737 2441 2018 2505 animum
2052 2440 2418 2506 humanum.

1328 2822 1456 2874 VII.

600 2957 633 2997 *x
656 2949 772 3009 ED
804 2970 876 3010 ea
908 2945 1268 3036 tempestate
1290 2970 1533 3035 coepere
1558 2943 1616 3009 se
1637 2944 1894 3034 quisque
1927 2947 2121 3034 magis
2141 2943 2456 3025 extollere,

699 3070 1013 3159 magisque
1066 3073 1392 3159 ingenium
1446 3073 1512 3135 in
1568 3088 1863 3161 promptu
1919 3069 2161 3136 habere.
2283 3075 2454 3136 Nam

617 3196 625 3197 7
698 3197 939 3283 regibus
974 3197 1142 3277 boni,
1177 3223 1367 3286 quam
1398 3197 1568 3278 mali,
1589 3197 1974 3286 suspectiores
2006 3196 2164 3276 sunt,
2186 3196 2454 3286 semper-

329 3343 450 3406 que
483 3318 576 3383 his
610 3320 808 3386 aliena
833 3325 1019 3387 virtus
1052 3322 1453 3390 formidolosa
1484 3323 1589 3390 est.
1687 3323 1807 3387 Sed
1839 3325 2068 3402 civitaS,
2094 3321 2453 3388 incredibile

329 3463 672 3510 memoratu
700 3446 806 3526 est,
831 3449 1054 3538 adepta
1085 3450 1386 3531 libertate,
1413 3466 1720 3539 quantum
1752 3450 1918 3515 brevi
1942 3453 2233 3515 creverit:
2284 3467 2455 3516 tanta

330 3571 561 3659 cupido
608 3571 813 3659 gloriae
854 3574 1192 3642 incess‘erat.
1308 3580 1453 3667 Jam
1497 3577 1768 3665 primum
1806 3574 2128 3665 juventus,
2160 3574 2339 3641 fimul
2379 3601 2451 3642 ac
