2722 4146
1012 294 1532 358 CATILINA.
2249 315 2327 378 51

219 468 410 534 dedit.
476 471 626 548 Vos,
652 466 731 533 de
756 465 1203 534 crudelissumis
1235 468 1550 556 parricidis
1577 469 1729 558 quid
1762 468 2054 549 statuatis,
2080 476 2332 536 cuncta-

214 595 418 660 mini?
465 593 778 660 Videlicet
807 596 931 660 vita
949 612 1154 660 cetera
1186 619 1404 659 eorum
1429 593 1577 660 huic
1596 595 1805 661 sceleri
1825 595 2040 662 obstat.
2100 600 2337 662 Verum

214 723 448 811 parcite
473 721 762 809 dignitati
796 721 1068 802 Lentuli,
1094 720 1142 788 fi
1173 722 1297 811 ipse
1330 723 1665 812 pudicitiae,
1693 721 1741 787 fi
1772 721 1948 788 famae
1981 722 2120 804 suae,
2145 721 2193 789 fi
2224 723 2337 789 diis

213 864 322 914 aut
339 847 695 913 hominibus
708 873 1010 937 umquam
1025 848 1164 913 ullis
1186 851 1492 938 pepercit3
1518 850 1813 938 ignoscite
1835 849 2101 938 Cethegi
2121 849 2337 916 adule-

212 973 494 1054 scentiae3
539 973 654 1039 nifi
677 977 903 1039 iterum
924 974 1059 1064 jam
1084 978 1291 1065 patriae
1317 974 1554 1040 bellum
1586 974 1753 1041 fecit.
1830 980 2003 1041 Nam
2035 977 2187 1065 quid
2220 1001 2339 1064 ego

213 1101 293 1166 de
332 1101 625 1181 Gabinio,
671 1101 929 1182 Statilio,
970 1105 1263 1192 Coepario
1310 1102 1574 1191 loquar?
1639 1103 1861 1192 quibus
1915 1102 1963 1168 fi
2000 1106 2339 1192 quicquam

209 1224 384 1316 penfi
406 1251 711 1316 umquam
736 1226 961 1308 fuiffet,
987 1252 1112 1292 non
1143 1252 1217 1292 ea
1239 1226 1495 1293 consilia
1523 1228 1603 1293 de
1627 1227 1945 1318 republica
1968 1228 2334 1295 habuissent.

212 1351 552 1434 Postrem0,
587 1358 795 1419 Patres
828 1354 1179 1443 conscripti,
1213 1353 1260 1419 fi
1291 1354 1652 1420 mehercule
1681 1371 1943 1444 peccato
1966 1355 2139 1421 locus
2171 1357 2339 1437 effet,

210 1478 390 1545 facile
422 1496 683 1569 paterer,
716 1505 823 1546 vos
855 1480 982 1570 ipsa
1011 1507 1076 1547 re
1103 1484 1349 1570 corrigi,
1374 1484 1674 1571 quoniam
1705 1482 1891 1547 verba
1922 1485 2337 1547 contemnitis,

211 1606 331 1672 Sed
368 1607 649 1696 undique
692 1610 1102 1673 circumventi
1145 1608 1391 1675 sumus:
1466 1608 1738 1674 Catilina
1781 1634 1929 1674 cum
1961 1612 2234 1675 exercitu
2275 1612 2341 1674 in

212 1730 492 1799 faucibus
543 1753 762 1824 urget:
821 1735 925 1801 alii
974 1738 1135 1802 intra
1184 1738 1416 1802 moenia
1467 1753 1654 1825 atque
1704 1739 1771 1802 in
1810 1734 1946 1802 finu
1997 1735 2162 1801 urbis
2205 1736 2344 1801 sunt

210 1858 452 1926 hostes:
502 1887 708 1951 neque
741 1866 940 1953 parari
968 1889 1175 1953 neque
1208 1862 1447 1929 consuli
1473 1866 1813 1952 quicquam
1845 1862 2091 1928 occulte
2122 1861 2338 1952 potest.

212 1989 360 2075 Qo
391 1990 585 2076 magis
617 1990 1081 2079 properandum
1112 1989 1216 2056 est.
1319 1995 1528 2079 Qare
1561 1992 1646 2055 ita
1677 2014 1798 2078 ego
1831 1989 2090 2055 censeo:
2142 2014 2341 2078 quum

216 2111 456 2178 nefario
500 2113 759 2180 consilio
807 2089 1243 2182 sceleratorum
1289 2119 1522 2182 civium
1564 2117 1904 2207 respublica
1945 2121 2011 2183 in
2053 2142 2345 2183 maxuma

213 2239 490 2330 pericula
538 2244 795 2321 venerit,
851 2241 1042 2331 hique
1091 2243 1325 2307 indicio
1381 2246 1463 2308 T.
1518 2242 1828 2309 Volturcii
1880 2261 1944 2310 et
1994 2243 2342 2332 legatorum

215 2364 636 2454 Allobrogum
656 2369 920 2432 convicti
939 2368 1318 2459 confessique
1340 2368 1480 2450 fint,
1500 2370 1755 2450 caedem,
1777 2371 2085 2450 incendia,
2099 2370 2342 2459 aliaque

219 2491 386 2558 foeda
427 2511 614 2582 atque
657 2493 930 2560 crudelia
972 2493 1246 2562 facinora
1279 2499 1345 2561 in
1385 2499 1530 2562 civis
1573 2499 1960 2586 patriamque
2010 2497 2339 2586 paraviffe3

216 2619 294 2684 de
351 2618 655 2699 confessis,
711 2618 889 2686 ficuti
944 2621 1023 2687 de
1078 2621 1412 2688 manifestis
1468 2649 1676 2689 rerum
1730 2623 2110 2714 capitalium,
2166 2649 2340 2689 more

219 2744 550 2835 majorum,
584 2745 955 2836 supplicium
988 2747 1420 2816 sumendum.’'

1210 3005 1361 3057 LIII.

227 3124 360 3141 ''¹“
394 3124 974 3261 §OSTQJAM
1014 3130 1176 3193 Cato
1209 3128 1464 3206 adsedit,
1498 3127 1862 3193 Consulares
1894 3153 2110 3194 omnes
2154 3131 2339 3194 item-

226 3134 285 3255 {q
324 3160 498 3261 ἀεὶ

230 3236 491 3345 ιω

228 3264 519 3421 Qu}

216 3513 431 3585 pantes
469 3502 718 3567 timidos
750 3523 1018 3571 vocant:
1087 3511 1250 3572 Cato
1283 3507 1480 3573 clarus
1525 3526 1711 3598 atque
1744 3533 2004 3597 magnus
2037 3508 2336 3574 habetur:

218 3626 423 3710 Senati
453 3627 774 3696 decretum
806 3630 900 3712 fit,
934 3631 1112 3698 sicuti
1143 3633 1247 3698 ille
1282 3635 1618 3701 censuerat.

584 3275 707 3338 que
752 3255 1008 3316 Senatus
1051 3277 1280 3341 magna
1322 3279 1458 3343 pars
1495 3255 1861 3320 sententiam
1893 3255 2021 3344 ejus
2060 3254 2336 3335 laudant,

582 3378 873 3443 virtutem
905 3381 1097 3444 animi
1128 3381 1207 3445 ad
1242 3380 1473 3446 coelum
1506 3380 1751 3447 ferunt:
1813 3381 1914 3447 alii
1946 3381 2153 3447 alios
2136 3406 2338 3446 1ncre-
2427 3468 2433 3473 ὓ
