2722 4146
660 309 1066 372 BELLUM
1136 309 1923 395 JUGURTHINUM.
2235 334 2360 395 117

1230 613 1383 665 LIII.

603 988 747 1055 fitus
787 988 1173 1080 prohibebat.
1271 994 1352 1054 Et
1394 991 1598 1079 primo
1639 991 1775 1069 rati,
1813 988 2081 1054 humum
2125 989 2361 1054 aridam

236 1132 424 1180 vento
471 1117 724 1204 agitari:
790 1116 927 1206 post
972 1117 1080 1181 ubi
1125 1115 1492 1205 aequabilem
1542 1140 1792 1181 manere
1846 1132 1930 1194 et,
1980 1113 2158 1180 ficuti
2203 1117 2362 1180 acies

238 1241 622 1322 movebatur,
675 1244 869 1329 magis
918 1241 1233 1331 magisque
1283 1244 1780 1332 appropinquare
1827 1242 2062 1322 vident,
2111 1245 2364 1330 cognita

236 1391 323 1447 re,
345 1385 740 1457 properantes
765 1393 934 1433 arma
954 1371 1231 1458 capiunt,
1253 1393 1325 1433 ac
1347 1393 1460 1458 pro
1480 1367 1704 1447 castri8‚
1725 1365 1903 1432 sicuti
1928 1368 2361 1457 imperabatur,

237 1491 592 1559 confistunt.
723 1494 994 1575 Deinde,
1056 1495 1166 1560 ubi
1243 1498 1492 1585 propius
1555 1511 1812 1559 ventum
1874 1494 1983 1575 est,
2046 1497 2361 1584 utrimque

235 1643 466 1707 magno
487 1619 756 1685 clamore
777 1623 1182 1686 concurritur.
1235 1626 1302 1686 N
1305 1622 1554 1702 umidae,
1577 1638 1822 1686 tantum
1842 1621 2032 1686 modo
2052 1625 2361 1701 remorati,

236 1745 391 1811 dum
422 1748 486 1811 in
520 1745 862 1836 elephantis
894 1747 1195 1812 auxilium
1234 1766 1478 1838 putant,
1512 1746 1839 1838 postquam
1883 1771 1987 1813 eos
2031 1749 2362 1838 impeditos

235 1875 418 1938 ramis
450 1873 740 1938 arborum
771 1892 958 1964 atque
992 1877 1077 1940 ita
1109 1874 1387 1966 disjectos
1420 1877 1850 1941 circumveniri
1879 1876 2112 1956 vident,
2147 1875 2363 1964 fugam

235 1998 493 2080 faciunt,
525 2025 598 2066 ac
630 1999 934 2090 plerique,
968 2001 1213 2091 abjectis
1246 2005 1448 2084 armis,
1478 2002 1650 2068 collis
1682 2020 1791 2069 aut
1823 2004 2040 2083 noffiS,
2067 2027 2202 2092 quae
2224 2002 2361 2093 jam

234 2127 466 2206 aderat,
515 2126 745 2191 auxilio
798 2130 1021 2216 integri
1069 2130 1321 2199 abeunt.
1439 2129 1773 2220 Elephanti
1824 2147 2117 2219 quattuor
2171 2133 2357 2220 capti,

235 2253 458 2343 reliqui
490 2278 728 2333 omneS‚
763 2255 1171 2343 quadraginta
1202 2281 1488 2336 numer0,
1513 2254 1838 2325 interfecti.
1936 2261 2027 2320 At
2061 2258 2357 2336 Romani,

237 2405 619 2470 quamquam
639 2382 855 2445 itinere
880 2398 1066 2470 atque
1085 2406 1271 2472 opere
1293 2382 1627 2449 castrorum
1648 2401 1712 2449 et
1731 2383 1940 2474 praelio
1961 2382 2092 2448 feffi
2115 2382 2359 2472 laetique

236 2525 430 2587 erant,
471 2489 705 2587 tamen,
756 2508 928 2596 quod
983 2506 1277 2572 Metellus
1326 2507 1589 2596 amplius
1637 2511 1933 2598 opinione
1982 2508 2357 2590 morabatur,

235 2633 508 2699 instructi
539 2636 886 2722 intentique
918 2634 1164 2699 obviam
1209 2634 1578 2723 procedunt.
1678 2638 1850 2699 Nam
1893 2633 2072 2699 dolus
2123 2636 2357 2699 Numi-

237 2761 457 2826 darum
501 2759 656 2824 nihil
698 2759 977 2848 languidi
1026 2784 1229 2848 neque
1271 2760 1497 2825 remissi
1546 2761 1911 2851 patiebatur.
2010 2767 2108 2825 Ac
2156 2762 2357 2850 primo

237 2885 491 2952 obscura
522 2891 724 2966 noete,
757 2885 1085 2975 postquam
1118 2886 1286 2952 haud
1318 2887 1538 2977 procul
1576 2891 1736 2953 inter
1767 2888 1824 2952 se
1857 2904 2050 2966 erant,
2082 2886 2357 2976 strepitu,

234 3012 406 3078 velut
482 3011 682 3076 hostes
755 3013 1110 3092 adventare,
1174 3013 1348 3078 alteri
1418 3014 1587 3103 apud
1661 3013 1882 3078 alteros
1956 3011 2355 3080 formidinem

236 3137 417 3204 fimul
459 3156 522 3204 et
559 3138 902 3203 tumultum
942 3137 1183 3204 facere:
1241 3158 1305 3205 et
1347 3164 1519 3229 paene
1562 3139 1981 3228 imprudentia
2027 3139 2352 3205 admiffum

233 3264 474 3330 >facinus
506 3264 864 3346 miserabile,
891 3267 956 3329 ni
987 3268 1300 3354 utrimque
1331 3264 1610 3356 praemiffi
1643 3267 1880 3353 equites
1912 3290 2043 3330 rem
2073 3265 2354 3355 explora-

236 3390 471 3458 viffent.
557 3392 755 3478 Igitur
785 3414 899 3479 pro
931 3407 1104 3455 metu
1136 3408 1389 3480 repente
1422 3392 1722 3479 gaudium
1754 3364 2041 3456 exortum
2059 3418 2080 3471 3
2130 3391 2354 3458 milites

237 3515 388 3580 alius
431 3515 623 3581 alium
664 3515 785 3580 laeti
824 3514 1160 3605 appellant,
1193 3522 1325 3581 acta
1358 3517 1626 3582 edocent
1665 3535 1852 3606 atque
1892 3518 2193 3598 audiunt3
2251 3518 2354 3583 sua

238 3643 493 3733 quisque
527 3642 710 3708 fortia
740 3641 897 3708 fausta
927 3643 1007 3708 ad
1040 3641 1270 3708 coelum
1303 3641 1438 3709 fert.
1541 3646 1793 3733 Qippe
1825 3668 1917 3709 res
1950 3643 2234 3709 humanae
2269 3645 2354 3709 ita
