2722 4146
415 295 545 337 1oo
939 271 1015 333 C.
1093 270 1421 331 CRISPI
1491 269 2005 331 SALLUSTII

407 444 656 535 publica
687 459 954 508 venerat.
1054 449 1145 506 At
1175 441 1507 533 Jugurtha,
1542 440 1897 506 manifestus
1928 445 2083 508 tanti
2115 442 2372 523 sceleris,
2405 468 2534 508 non

408 573 573 659 prius
599 567 802 633 omifit
834 585 1050 634 contra
1082 593 1295 632 verum
1330 569 1465 647 niti,
1500 592 1690 656 quam
1722 570 2003 633 animum
2045 569 2326 649 advertit,
2360 568 2536 658 supra

406 697 667 783 gratiam
710 711 895 784 atque
940 695 1271 783 pecuniam
1316 691 1509 772 suam,
1553 693 1849 758 invidiam
1897 692 2039 758 facti
2078 695 2217 760 effe.
2314 698 2534 784 Igitur,

406 845 790 910 quamquam
832 822 896 884 in
949 822 1149 909 priore
1193 820 1434 883 actione
1477 843 1555 883 ex
1604 821 1815 884 amicis
1859 822 2313 909 quinquaginta
2352 822 2535 887 vades

406 947 660 1012 dederat
678 973 698 1026 3
774 970 968 1034 regno
1021 947 1237 1032 magiS,
1293 968 1485 1033 quam
1540 946 1795 1010 vadibus
1854 945 2198 1026 consulem,
2252 945 2415 1012 clam
2470 949 2536 1012 in

407 1074 782 1138 Numidiam
817 1071 1227 1137 Bomilcarem
1251 1072 1530 1151 dimittit,
1557 1074 1802 1150 verituS,
1829 1097 1908 1136 ne
1932 1071 2200 1161 reliquos
2225 1072 2536 1163 popularis

404 1217 604 1264 metus
646 1199 966 1264 invaderet
1012 1200 1270 1289 parendi
1313 1197 1445 1278 fibi,
1488 1196 1534 1263 fi
1577 1198 1657 1263 de
1697 1198 1808 1263 illo
1851 1198 2223 1288 supplicium
2265 1199 2537 1266 sumtum

405 1326 583 1392 foret.
696 1331 777 1391 Et
807 1325 933 1416 ipse
968 1328 1178 1415 paucis
1219 1326 1435 1391 diebus
1483 1325 1710 1391 eodem
1758 1324 2066 1415 profectus
2113 1323 2220 1406 est,
2258 1307 2454 1414 juffus
2500 1351 2537 1392 a

404 1459 630 1519 Senatu
676 1452 852 1518 Italia
895 1453 1216 1522 decedere.
1334 1453 1453 1517 Sed
1501 1450 1829 1542 postquam
1875 1457 2083 1518 Roma
2124 1453 2388 1542 egreffus
2426 1451 2533 1533 est,

406 1579 620 1659 fertur,
654 1579 807 1668 saepe
853 1604 928 1644 eo
962 1581 1181 1643 tacitus
1226 1577 1571 1669 respicienS,
1606 1565 1915 1667 postremo
1947 1577 2198 1643 dixifl‘e:
2250 1587 2293 1619 “
2316 1578 2536 1644 urbem

404 1705 686 1771 venalem
716 1724 780 1771 et
810 1722 1052 1771 mature
1091 1708 1448 1795 perituram,
1483 1704 1530 1770 fi
1562 1723 1909 1795 emptorem
1940 1704 2301 1770 invenerit.”

1342 2082 1596 2136 XXXVI.

327 2264 330 2267 ,
734 2210 1097 2272 NTERIM
1156 2205 1447 2284 Albinus,
1499 2220 1796 2269 renovato
1849 2202 2035 2283 bello,
2089 2221 2534 2285 commeatum,

403 2197 728 2520 Q
779 2332 1176 2423 stipendium,
1235 2333 1502 2422 aliaque,
1552 2355 1689 2420 quae
1751 2329 2048 2395 militibus
2110 2330 2245 2395 usui
2309 2329 2558 2411 forent,

778 2476 1048 2525 maturat
1093 2461 1158 2524 in
1192 2458 1474 2523 Africam
1519 2474 1803 2547 portare3
1861 2482 1935 2522 ac
1973 2455 2177 2521 statim
2219 2456 2344 2547 ipse
2389 2482 2534 2547 pro-

404 2582 596 2648 fectus
628 2584 736 2666 est,
771 2588 863 2650 uti
894 2605 1037 2651 ante
1071 2587 1344 2663 comitia,
1377 2585 1552 2673 quod
1596 2601 1842 2673 tempus
1876 2583 2044 2649 haud
2086 2583 2275 2672 longe
2305 2584 2533 2665 aberat,

404 2713 585 2775 armis
618 2730 726 2776 aut
758 2713 1076 2777 deditione
1109 2685 1218 2776 aut
1248 2713 1464 2800 quovis
1496 2710 1690 2775 modo
1724 2710 1958 2775 bellum
1989 2707 2345 2776 conficeret.
2444 2717 2535 2778 At

405 2854 622 2902 contra
668 2837 982 2927 Jugurtha
1033 2838 1272 2903 trahere
1315 2839 1549 2917 omnia,
1592 2853 1656 2900 et
1699 2835 1843 2900 alias
1891 2835 2119 2900 deinde
2162 2834 2307 2900 alias
2346 2860 2532 2901 morae

406 2964 634 3028 cauffas
668 2963 907 3029 facere:
960 2965 1239 3054 polliceri
1270 2965 1678 3042 deditionem,
1704 2986 1776 3026 ac
1810 2962 2036 3026 deinde
2070 2979 2309 3026 metum
2336 2960 2532 3027 ¹fimu-

407 3087 531 3151 lare
555 3117 571 3151 ε
617 3087 865 3152 instanti
889 3089 1129 3169 cedere,
1155 3106 1219 3154 et
1239 3088 1451 3178 paullo
1476 3087 1634 3178 post,
1660 3113 1739 3153 ne
1765 3087 1855 3152 sui
1878 3086 2251 3167 diffiderent,
2272 3086 2529 3167 instare:

405 3215 490 3277 ita
522 3211 667 3276 belli
707 3214 920 3293 mod0,
955 3215 1148 3279 modo
1180 3217 1346 3303 pacis
1378 3239 1574 3294 mora,
1607 3213 1949 3279 Consulem
1991 3211 2334 3281 ludificare.
2432 3221 2533 3281 Ac

407 3336 598 3417 fuere,
625 3341 734 3426 qui
766 3356 905 3403 tum
937 3340 1243 3405 Albinum
1286 3340 1456 3406 haud
1499 3344 1785 3429 ignarum
1827 3337 2066 3406 confilii
2107 3342 2263 3428 regis
2304 3340 2531 3407 existu-

406 3482 667 3543 marent,
689 3489 894 3553 neque
919 3491 996 3530 ex
1029 3484 1200 3533 tanta
1231 3469 1624 3557 properantia
1649 3485 1776 3532 tam
1796 3465 1975 3531 facile
2001 3471 2262 3532 tractum
2295 3467 2531 3534 bellum

407 3589 683 3655 socordia
714 3593 908 3679 magis
940 3616 1130 3680 quam
1164 3592 1314 3658 dolo
1347 3594 1687 3658 crederent.
1765 3592 1880 3657 Sed
1916 3590 2264 3681 postquam,
2299 3592 2531 3684 dilapso
