2722 4146
662 294 1060 357 BELLUM
1121 297 1909 385 JUGURTHINUM.
2219 320 2342 381 105

231 469 295 531 in
345 465 520 530 bonis
567 467 794 531 artibus
839 470 1150 535 civitatem
1193 471 1514 538 retinebat.
1612 472 1731 537 Sed
1778 472 1885 537 ubi
1930 471 2035 537 illa
2078 471 2374 566 formido·

228 592 537 656 mentibus
571 593 844 674 decessit,
871 595 1102 661 scilicet
1131 621 1224 676 ea,
1252 621 1387 685 quae
1412 596 1690 663 secundae
1723 624 1815 664 res
1849 617 2084 679 amant,
2109 598 2349 664 lascivia

225 735 411 807 atque
443 718 722 808 superbia
757 721 1067 787 inceffere.
1167 726 1282 802 Ita,
1315 724 1487 812 quod
1531 727 1595 789 in
1640 723 1900 790 adverfis
1943 726 2123 791 rebus
2166 744 2346 816 opta—

223 863 457 926 verant,
507 849 730 927 otium,
775 848 1104 938 postquam
1162 850 1371 940 adepti
1422 850 1582 930 sunt,
1638 851 1900 942 asperius
1951 851 2346 942 acerbiusque

223 969 361 1037 fuit.
431 977 726 1063 Namque
759 1000 1002 1065 coepere
1035 974 1319 1040 nobilitas
1345 977 1711 1064 dignitatem
1734 980 1799 1042 in
1827 978 2344 1059 dominationem,

223 1098 432 1190 plebes
469 1100 816 1168 libertatem
854 1105 919 1169 in
951 1103 1297 1168 lubidinem
1330 1121 1605 1169 vertere:
1655 1102 1767 1169 fibi
1799 1105 2056 1194 quisque
2091 1106 2343 1185 ducere,

222 1225 485 1306 trahere,
528 1252 758 1317 rapere.
866 1233 962 1295 Ita
1012 1232 1224 1295 omnia
1274 1232 1338 1294 in
1391 1230 1541 1295 duas
1591 1247 1788 1320 partes
1839 1230 2131 1298 abstracta
2181 1233 2343 1311 sunt,

219 1351 580 1442 respublica,
615 1378 751 1442 quae
784 1355 991 1420 media
1022 1354 1243 1436 fuerat,
1276 1355 1624 1423 dilacerata.
1722 1361 2020 1423 Ceterum
2059 1358 2343 1425 nobilitas

220 1474 485 1541 factione
506 1479 700 1565 magis
724 1477 1039 1568 pollebat:
1084 1479 1276 1570 plebis
1296 1483 1406 1561 viS,
1427 1481 1623 1547 soluta
1648 1499 1833 1572 atque
1853 1485 1917 1548 in
1943 1484 2343 1551 multitudine

219 1601 499 1692 dispersa,
541 1606 746 1669 minus
799 1622 1078 1694 poterat:
1148 1632 1494 1696 paucorum
1546 1607 1796 1673 arbitrio
1850 1608 1996 1674 belli
2046 1610 2343 1700 domique

216 1728 556 1818 respublica
609 1731 991 1819 agitabatur:
1065 1758 1254 1823 penes
1315 1734 1566 1800 eosdem
1628 1735 1932 1815 aerarium,
1990 1738 2342 1825 provinciae,

215 1854 620 1943 magistratus,
645 1856 853 1946 gloriae
886 1858 1311 1949 triumphique
1337 1878 1549 1926 erant:
1600 1861 1868 1951 populus
1900 1862 2120 1929 militia
2151 1881 2340 1952 atque

214 1983 427 2072 inopia
472 1984 804 2072 urgebatur
823 2012 843 2066 3
908 1986 1137 2075 praedas
1183 1986 1428 2053 bellicas
1477 1991 1878 2078 imperatores
1927 2015 2074 2055 cum
2125 1993 2336 2080 paucis

214 2108 621 2198 diripiebant:
687 2112 920 2177 interea
972 2129 1252 2202 parentes
1304 2131 1413 2178 aut
1452 2087 1631 2204 ⁸parvi
1680 2114 1855 2180 liberi
1906 2116 2200 2197 militum,
2246 2121 2339 2181 uti

213 2235 470 2325 quisquc
497 2239 831 2326 potentiori
854 2236 1120 2303 confinis
1145 2257 1295 2318 erat,
1322 2239 1562 2305 sedibus
1586 2240 1994 2331 pellebantur.
2070 2248 2164 2308 Ita
2190 2269 2337 2309 cum

212 2365 491 2452 potentia
532 2366 780 2429 avaritia
822 2362 949 2430 fine
982 2365 1175 2430 modo
1220 2365 1640 2457 modestiaque
1673 2369 1996 2449 invadere3
2055 2369 2334 2458 polluere

211 2507 274 2553 et
292 2487 517 2555 vastare
538 2493 788 2570 omnia;
824 2490 980 2556 nihil
1000 2491 1170 2582 penfi
1195 2518 1400 2583 neque
1426 2495 1613 2561 sancti
1637 2494 1883 2576 habere,
1910 2497 2119 2585 quoad
2143 2496 2334 2561 semet

210 2613 336 2704 ipsa
385 2618 802 2705 praecipitavit.
912 2621 1082 2683 Nam
1132 2620 1239 2684 ubi
1286 2622 1559 2709 primurn
1607 2645 1685 2686 ex
1734 2620 2055 2686 nobilitate
2107 2624 2331 2710 reperti

210 2739 369 2820 sunt,
434 2743 543 2830 qui
604 2767 809 2807 veram
872 2743 1134 2831 gloriam
1198 2745 1428 2838 injustae
1504 2750 1793 2837 potentiae
1857 2765 2326 2836 anteponerent,

210 2870 442 2932 moveri
475 2869 683 2933 civitas
714 2886 777 2934 et
809 2868 1091 2935 diffenfio
1124 2871 1336 2953 civilis,
1371 2873 1542 2962 quafi
1587 2876 1912 2963 permixtio
1958 2891 2148 2953 terrae,
2183 2876 2328 2938 oriri

210 2995 415 3082 coepit.
