2722 4146
638 303 1036 365 BELLUM
1099 301 1876 389 JUGURTHINUM.
2188 328 2310 369 111

1142 605 1371 659 XLVII.

373 732 480 745 .-ἢ

207 685 211 688 >
290 733 498 857 {Qum
521 730 708 792 RAT
751 726 922 793 haud
964 726 1150 815 longe
1182 728 1260 794 ab
1294 753 1371 794 eo
1404 730 1642 809 itinere,
1676 753 1806 818 quo
1838 729 2134 796 Metellus
2175 756 2314 821 per.

193 907 204 917 .
218 869 265 990 Ξ
306 882 507 1023 &343
564 854 768 942 gebat,
789 854 1097 944 oppidum
1123 855 1570 934 Numidarum,
1597 856 1854 919 nomine
1882 858 2082 942 Vaga,
2109 853 2317 921 forum

307 1009 346 1026 ‘J
377 1010 417 1027 gs

565 1005 773 1046 rerum
802 979 1115 1047 venalium
1146 983 1334 1046 totius
1366 983 1542 1069 regni
1588 1005 1880 1047 maxume
1913 980 2316 1062 celebratum,

193 1105 303 1170 ubi
333 1122 397 1170 et
428 1106 698 1172 incolere
728 1124 791 1172 et
829 1109 1086 1172 mercari
1128 1106 1570 1173 consueverant
1611 1106 1811 1172 Italici
1854 1111 2090 1195 generis
2133 1107 2318 1173 multi

194 1232 499 1299 mortales·
617 1237 769 1298 Huc
813 1232 1070 1312 Consul,
1114 1231 1299 1298 fimul
1339 1233 1622 1298 tentandi
1663 1236 1878 1321 gratia,
1921 1252 2004 1314 et,
2050 1232 2098 1299 fi
2141 1252 2316 1324 pate-

193 1375 426 1437 rentur,
481 1360 946 1447 opportunitate
1009 1356 1157 1437 loci,
1213 1356 1562 1447 praefidium
1586 1394 1592 1396 >
1615 1359 1946 1449 imposuit3
2027 1377 2318 1450 praeterea

193 1486 515 1573 imperavit
547 1482 934 1548 frumentum
966 1499 1029 1547 et
1058 1481 1197 1562 alia,
1231 1508 1367 1572 quae
1402 1484 1566 1550 bello
1597 1485 1732 1550 usui
1764 1484 1990 1566 forent,
2025 1511 2318 1577 compor-

194 1627 358 1676 tare:
407 1627 570 1675 ratus
603 1610 690 1689 id,
725 1609 896 1699 quod
928 1634 1021 1674 res
1053 1611 1369 1691 monebat,
1404 1610 1821 1700 frequentiam
1859 1615 2317 1701 negotiatorum

194 1753 258 1801 et
306 1754 729 1801 commeatum
773 1736 1144 1826 juvaturum
1192 1739 1558 1818 exercitum,
1600 1754 1664 1803 et
1696 1737 1831 1827 jam
1875 1740 2095 1828 paratis
2140 1738 2319 1804 rebus

195 1864 587 1928 munimento
638 1860 789 1927 fore.
912 1868 1082 1928 Inter
1137 1862 1267 1928 haec
1316 1867 1568 1952 negotia
1620 1863 1933 1956 Jugurtha
1987 1863 2320 1955 impensius

193 1988 387 2054 modo
430 1986 662 2076 legatos
705 1986 1006 2078 supplices
1047 1992 1316 2070 mittere,
1349 2015 1571 2080 pacem
1613 2016 1787 2056 orare
1806 2018 1827 2071 3
1887 2008 2106 2080 praeter
2148 1990 2319 2057 suam

195 2116 654 2205 liberorumque
686 2118 899 2197 vitam,
931 2119 1145 2182 omnia
1176 2115 1438 2182 Metello
1471 2118 1720 2186 dedere.
1814 2122 1988 2207 Qos
2021 2120 2194 2198 item,
2227 2120 2320 2183 uti

195 2243 445 2332 prioreS‚
479 2241 715 2306 Consul
756 2241 992 2308 illectos
1030 2244 1110 2309 ad
1154 2244 1571 2333 proditionem
1619 2243 1883 2308 domum
1928 2244 2315 2311 dimittebat:

195 2369 327 2456 regi
358 2391 599 2456 pacem,
627 2392 817 2455 quam
852 2366 1218 2456 postulabat,
1245 2393 1451 2458 neque
1475 2371 1747 2435 abnuere
1779 2394 1984 2459 neque
2016 2369 2316 2460 polliceri,

196 2508 261 2558 et
290 2494 449 2557 inter
481 2517 578 2557 eas
611 2517 811 2558 moras
844 2494 1135 2582 promiffa
1166 2493 1515 2582 legatorum
1546 2496 1910 2586 exspectare.

738 2795 755 2814 ,
1126 2748 1385 2801 XLVIII.
2063 2799 2065 2801 .
2233 2808 2236 2812 ,

391 2887 404 2898 ·
530 2873 980 2935 UGURTHA
1004 2871 1113 2936 ubi
1137 2871 1382 2938 Metelli
1402 2872 1562 2936 dicia
1582 2893 1730 2935 cum
1754 2868 1923 2935 factis
1945 2870 2314 2959 composuit,

356 2977 363 2988 ¹
389 3079 405 3097 ·
466 3036 482 3048 x
571 3021 645 3061 ac
679 2997 793 3061 suis
826 2997 883 3063 se
914 2999 1150 3063 artibus'
1172 3001 1394 3064 tentari
1425 2997 1855 3086 animadvertit
1873 3022 1894 3076 3
1945 2998 2178 3086 quippe
2211 3000 2315 3062 cui

572 3123 765 3191 verbis
803 3148 924 3213 pax
968 3124 1397 3204 nunciabatur,
1432 3140 1710 3188 ceterum
1740 3121 2070 3188 rebellum
2110 3122 2312 3212 asper-

194 3270 445 3311 rumum
474 3266 642 3328 erat3
696 3248 840 3313 urbs
873 3274 1164 3316 maxuma
1195 3250 1479 3331 alienata,
1511 3274 1656 3338 ager
1697 3247 1970 3314 hostibus
2004 3252 2311 3337 cognituS,

195 3376 386 3438 animi
454 3374 851 3465 popularium
920 3379 1178 3455 tentati3
1260 3382 1505 3441 coactus
1571 3399 1779 3440 rerum
1846 3374 2311 3456 neceffitudine,

194 3498 400 3564 statuit
440 3503 621 3565 armis
669 3519 920 3568 certare.
1020 3505 1238 3590 Igitur,
1284 3502 1602 3592 explorato
1646 3500 1917 3566 hostium
1963 3503 2201 3582 itinere,
2244 3503 2308 3566 in

195 3624 363 3714 spem
385 3628 645 3691 vic⁶3coriae
679 3628 976 3693 adductus
1010 3653 1085 3693 ex
1111 3630 1571 3718 opportunitate
1604 3626 1748 3707 loci,
1770 3651 1962 3716 quam
1994 3651 2310 3695 maxumas
