<?xml version="1.0" encoding="UTF-8"?>
<!DOCTYPE html PUBLIC "-//W3C//DTD XHTML 1.0 Transitional//EN"
    "http://www.w3.org/TR/xhtml1/DTD/xhtml1-transitional.dtd">
<html xmlns="http://www.w3.org/1999/xhtml" xml:lang="en" lang="en">
 <head>
  <title>
</title>
<meta http-equiv="Content-Type" content="text/html;charset=utf-8" />
  <meta name='ocr-system' content='tesseract 3.04.00' />
  <meta name='ocr-capabilities' content='ocr_page ocr_carea ocr_par ocr_line ocrx_word'/>
</head>
<body>
  <div class='ocr_page' id='page_1' title='image "./operaquaeextanta00salluoft_0015.png"; bbox 0 0 2722 4146; ppageno 0'>
   <div class='ocr_carea' id='block_1_1' title="bbox 1041 269 2367 354">
    <p class='ocr_par' dir='ltr' id='par_1_1' title="bbox 1041 269 2367 354">
     <span class='ocr_line' id='line_1_1' title="bbox 1041 269 2367 354; baseline -0.003 -21"><span class='ocrx_word' id='word_1_1' title='bbox 1041 269 1574 333; x_wconf 85' lang='lat' dir='ltr'>CATILINA.</span> <span class='ocrx_word' id='word_1_2' title='bbox 2334 292 2367 354; x_wconf 82' lang='lat'><strong>5</strong></span> 
     </span>
    </p>
   </div>
   <div class='ocr_carea' id='block_1_2' title="bbox 152 442 2374 2180">
    <p class='ocr_par' dir='ltr' id='par_1_2' title="bbox 152 442 2373 1674">
     <span class='ocr_line' id='line_1_2' title="bbox 247 442 2367 536; baseline -0.001 -23"><span class='ocrx_word' id='word_1_3' title='bbox 247 448 464 513; x_wconf 90' lang='lat' dir='ltr'>ardens</span> <span class='ocrx_word' id='word_1_4' title='bbox 510 450 576 512; x_wconf 90' lang='lat' dir='ltr'>in</span> <span class='ocrx_word' id='word_1_5' title='bbox 620 445 1101 536; x_wconf 90' lang='lat' dir='ltr'>cupiditatibus:</span> <span class='ocrx_word' id='word_1_6' title='bbox 1166 443 1300 509; x_wconf 89' lang='lat' dir='ltr'>satis</span> <span class='ocrx_word' id='word_1_7' title='bbox 1344 442 1737 531; x_wconf 87' lang='lat' dir='ltr'>eloquentiae,</span> <span class='ocrx_word' id='word_1_8' title='bbox 1771 443 2073 533; x_wconf 88' lang='lat' dir='ltr'>sapientiae</span> <span class='ocrx_word' id='word_1_9' title='bbox 2105 469 2367 534; x_wconf 90' lang='lat' dir='ltr'>parum:</span> 
     </span>
     <span class='ocr_line' id='line_1_3' title="bbox 246 570 2373 661; baseline -0.001 -22"><span class='ocrx_word' id='word_1_10' title='bbox 246 572 443 639; x_wconf 88' lang='lat' dir='ltr'>vastus</span> <span class='ocrx_word' id='word_1_11' title='bbox 498 575 738 638; x_wconf 90' lang='lat' dir='ltr'>animus</span> <span class='ocrx_word' id='word_1_12' title='bbox 793 572 1224 651; x_wconf 90' lang='lat' dir='ltr'>immoderata,</span> <span class='ocrx_word' id='word_1_13' title='bbox 1274 570 1680 651; x_wconf 87' lang='lat' dir='ltr'>incredibilia,</span> <span class='ocrx_word' id='word_1_14' title='bbox 1730 574 1910 636; x_wconf 88' lang='lat' dir='ltr'>nimis</span> <span class='ocrx_word' id='word_1_15' title='bbox 1961 571 2084 637; x_wconf 86' lang='lat' dir='ltr'>alta</span> <span class='ocrx_word' id='word_1_16' title='bbox 2137 572 2373 661; x_wconf 84' lang='lat' dir='ltr'><strong>semper</strong></span> 
     </span>
     <span class='ocr_line' id='line_1_4' title="bbox 244 697 2370 791; baseline -0.001 -25"><span class='ocrx_word' id='word_1_17' title='bbox 244 701 549 791; x_wconf 90' lang='lat' dir='ltr'>cupiebat.</span> <span class='ocrx_word' id='word_1_18' title='bbox 678 705 874 765; x_wconf 92' lang='lat' dir='ltr'>Hunc</span> <span class='ocrx_word' id='word_1_19' title='bbox 930 698 1065 790; x_wconf 91' lang='lat' dir='ltr'>post</span> <span class='ocrx_word' id='word_1_20' title='bbox 1127 701 1622 765; x_wconf 88' lang='lat' dir='ltr'>dominationem</span> <span class='ocrx_word' id='word_1_21' title='bbox 1679 701 1859 763; x_wconf 91' lang='lat' dir='ltr'>Lucii</span> <span class='ocrx_word' id='word_1_22' title='bbox 1921 697 2099 763; x_wconf 87' lang='lat' dir='ltr'>Sullae</span> <span class='ocrx_word' id='word_1_23' title='bbox 2153 698 2370 764; x_wconf 92' lang='lat' dir='ltr'>lubido</span> 
     </span>
     <span class='ocr_line' id='line_1_5' title="bbox 242 825 2370 916; baseline -0.001 -24"><span class='ocrx_word' id='word_1_24' title='bbox 242 852 534 892; x_wconf 85' lang='lat' dir='ltr'>maxuma</span> <span class='ocrx_word' id='word_1_25' title='bbox 586 826 882 892; x_wconf 89' lang='lat' dir='ltr'>invaserat</span> <span class='ocrx_word' id='word_1_26' title='bbox 936 825 1287 916; x_wconf 89' lang='lat' dir='ltr'>reipublicae</span> <span class='ocrx_word' id='word_1_27' title='bbox 1340 825 1698 914; x_wconf 87' lang='lat' dir='ltr'>capiundae:</span> <span class='ocrx_word' id='word_1_28' title='bbox 1769 850 1972 913; x_wconf 91' lang='lat' dir='ltr'>neque</span> <span class='ocrx_word' id='word_1_29' title='bbox 2027 826 2093 890; x_wconf 91' lang='lat' dir='ltr'>id</span> <span class='ocrx_word' id='word_1_30' title='bbox 2149 825 2370 914; x_wconf 92' lang='lat' dir='ltr'>quibus</span> 
     </span>
     <span class='ocr_line' id='line_1_6' title="bbox 247 950 2372 1043; baseline -0.001 -24"><span class='ocrx_word' id='word_1_31' title='bbox 247 955 447 1020; x_wconf 88' lang='lat' dir='ltr'>modis</span> <span class='ocrx_word' id='word_1_32' title='bbox 478 953 911 1043; x_wconf 74' lang='lat' dir='ltr'>assequeretur,</span> <span class='ocrx_word' id='word_1_33' title='bbox 937 953 1090 1018; x_wconf 94' lang='lat' dir='ltr'>dum</span> <span class='ocrx_word' id='word_1_34' title='bbox 1114 950 1225 1016; x_wconf 91' lang='lat' dir='ltr'>fibi</span> <span class='ocrx_word' id='word_1_35' title='bbox 1249 976 1513 1039; x_wconf 91' lang='lat' dir='ltr'>regnum</span> <span class='ocrx_word' id='word_1_36' title='bbox 1546 969 1805 1041; x_wconf 91' lang='lat' dir='ltr'>pararet,</span> <span class='ocrx_word' id='word_1_37' title='bbox 1832 952 2176 1040; x_wconf 89' lang='lat' dir='ltr'>quidquam</span> <span class='ocrx_word' id='word_1_38' title='bbox 2200 950 2372 1041; x_wconf 89' lang='lat' dir='ltr'>penfi</span> 
     </span>
     <span class='ocr_line' id='line_1_7' title="bbox 152 1077 2371 1168; baseline -0.002 -22"><span class='ocrx_word' id='word_1_39' title='bbox 152 1097 154 1099; x_wconf 83' lang='grc'><strong>’</strong></span> <span class='ocrx_word' id='word_1_40' title='bbox 246 1081 529 1148; x_wconf 90' lang='lat' dir='ltr'>habebat.</span> <span class='ocrx_word' id='word_1_41' title='bbox 628 1082 997 1168; x_wconf 85' lang='lat' dir='ltr'>Agitabatur</span> <span class='ocrx_word' id='word_1_42' title='bbox 1038 1081 1234 1167; x_wconf 91' lang='lat' dir='ltr'>magis</span> <span class='ocrx_word' id='word_1_43' title='bbox 1282 1079 1596 1168; x_wconf 89' lang='lat' dir='ltr'>magisque</span> <span class='ocrx_word' id='word_1_44' title='bbox 1639 1081 1705 1142; x_wconf 91' lang='lat' dir='ltr'>in</span> <span class='ocrx_word' id='word_1_45' title='bbox 1752 1079 1880 1143; x_wconf 91' lang='lat' dir='ltr'>dies</span> <span class='ocrx_word' id='word_1_46' title='bbox 1924 1080 2164 1143; x_wconf 90' lang='lat' dir='ltr'>animus</span> <span class='ocrx_word' id='word_1_47' title='bbox 2197 1077 2371 1143; x_wconf 87' lang='lat' dir='ltr'>ferox</span> 
     </span>
     <span class='ocr_line' id='line_1_8' title="bbox 244 1204 2371 1297; baseline -0.001 -25"><span class='ocrx_word' id='word_1_48' title='bbox 244 1209 452 1297; x_wconf 89' lang='lat' dir='ltr'>inopia</span> <span class='ocrx_word' id='word_1_49' title='bbox 482 1209 570 1271; x_wconf 92' lang='lat' dir='ltr'>rei</span> <span class='ocrx_word' id='word_1_50' title='bbox 601 1204 910 1271; x_wconf 90' lang='lat' dir='ltr'>familiaris</span> <span class='ocrx_word' id='word_1_51' title='bbox 935 1223 999 1270; x_wconf 93' lang='lat' dir='ltr'>et</span> <span class='ocrx_word' id='word_1_52' title='bbox 1028 1205 1403 1271; x_wconf 90' lang='lat' dir='ltr'>conscientia</span> <span class='ocrx_word' id='word_1_53' title='bbox 1427 1204 1765 1284; x_wconf 75' lang='lat' dir='ltr'>scelerum,</span> <span class='ocrx_word' id='word_1_54' title='bbox 1824 1229 1959 1293; x_wconf 87' lang='lat' dir='ltr'>quae</span> <span class='ocrx_word' id='word_1_55' title='bbox 1991 1222 2251 1293; x_wconf 88' lang='lat' dir='ltr'>utraque</span> <span class='ocrx_word' id='word_1_56' title='bbox 2278 1204 2371 1270; x_wconf 89' lang='lat' dir='ltr'>his</span> 
     </span>
     <span class='ocr_line' id='line_1_9' title="bbox 244 1332 2373 1422; baseline -0.001 -23"><span class='ocrx_word' id='word_1_57' title='bbox 244 1333 470 1399; x_wconf 90' lang='lat' dir='ltr'>artibus</span> <span class='ocrx_word' id='word_1_58' title='bbox 514 1350 785 1412; x_wconf 87' lang='lat' dir='ltr'>auxerat,</span> <span class='ocrx_word' id='word_1_59' title='bbox 820 1357 969 1421; x_wconf 89' lang='lat' dir='ltr'>quas</span> <span class='ocrx_word' id='word_1_60' title='bbox 1013 1332 1192 1422; x_wconf 91' lang='lat' dir='ltr'>supra</span> <span class='ocrx_word' id='word_1_61' title='bbox 1233 1334 1591 1397; x_wconf 90' lang='lat' dir='ltr'>memoravi.</span> <span class='ocrx_word' id='word_1_62' title='bbox 1691 1332 2041 1396; x_wconf 86' lang='lat' dir='ltr'>Incitabant</span> <span class='ocrx_word' id='word_1_63' title='bbox 2083 1349 2373 1421; x_wconf 89' lang='lat' dir='ltr'>praeterea</span> 
     </span>
     <span class='ocr_line' id='line_1_10' title="bbox 245 1456 2369 1549; baseline -0 -25"><span class='ocrx_word' id='word_1_64' title='bbox 245 1461 518 1549; x_wconf 89' lang='lat' dir='ltr'>corrupti</span> <span class='ocrx_word' id='word_1_65' title='bbox 542 1461 797 1524; x_wconf 89' lang='lat' dir='ltr'>civitatis</span> <span class='ocrx_word' id='word_1_66' title='bbox 823 1485 1044 1540; x_wconf 78' lang='lat' dir='ltr'>moreS,</span> <span class='ocrx_word' id='word_1_67' title='bbox 1071 1485 1226 1549; x_wconf 92' lang='lat' dir='ltr'>quos</span> <span class='ocrx_word' id='word_1_68' title='bbox 1254 1460 1532 1549; x_wconf 84' lang='lat' dir='ltr'>peffuma</span> <span class='ocrx_word' id='word_1_69' title='bbox 1555 1483 1628 1523; x_wconf 88' lang='lat' dir='ltr'>ac</span> <span class='ocrx_word' id='word_1_70' title='bbox 1653 1457 1882 1523; x_wconf 90' lang='lat' dir='ltr'>diversa</span> <span class='ocrx_word' id='word_1_71' title='bbox 1910 1459 2070 1523; x_wconf 92' lang='lat' dir='ltr'>inter</span> <span class='ocrx_word' id='word_1_72' title='bbox 2101 1456 2158 1522; x_wconf 92' lang='lat' dir='ltr'>se</span> <span class='ocrx_word' id='word_1_73' title='bbox 2183 1457 2369 1538; x_wconf 92' lang='lat' dir='ltr'>mala,</span> 
     </span>
     <span class='ocr_line' id='line_1_11' title="bbox 244 1584 1362 1674; baseline 0.001 -24"><span class='ocrx_word' id='word_1_74' title='bbox 244 1584 487 1650; x_wconf 83' lang='lat' dir='ltr'>luxuria</span> <span class='ocrx_word' id='word_1_75' title='bbox 517 1604 702 1674; x_wconf 91' lang='lat' dir='ltr'>atque</span> <span class='ocrx_word' id='word_1_76' title='bbox 735 1587 1005 1666; x_wconf 90' lang='lat' dir='ltr'>avaritia,</span> <span class='ocrx_word' id='word_1_77' title='bbox 1038 1586 1362 1652; x_wconf 87' lang='lat' dir='ltr'>vexabant.</span> 
     </span>
    </p>

    <p class='ocr_par' dir='ltr' id='par_1_3' title="bbox 245 1710 2374 2180">
     <span class='ocr_line' id='line_1_12' title="bbox 340 1710 2372 1801; baseline 0.001 -26"><span class='ocrx_word' id='word_1_78' title='bbox 340 1715 463 1775; x_wconf 88' lang='lat' dir='ltr'>Res</span> <span class='ocrx_word' id='word_1_79' title='bbox 519 1710 644 1800; x_wconf 89' lang='lat' dir='ltr'>ipsa</span> <span class='ocrx_word' id='word_1_80' title='bbox 693 1710 924 1776; x_wconf 89' lang='lat' dir='ltr'>hortari</span> <span class='ocrx_word' id='word_1_81' title='bbox 979 1711 1241 1793; x_wconf 90' lang='lat' dir='ltr'>videtur,</span> <span class='ocrx_word' id='word_1_82' title='bbox 1299 1715 1602 1801; x_wconf 92' lang='lat' dir='ltr'>quoniam</span> <span class='ocrx_word' id='word_1_83' title='bbox 1652 1713 1730 1778; x_wconf 91' lang='lat' dir='ltr'>de</span> <span class='ocrx_word' id='word_1_84' title='bbox 1788 1711 2059 1776; x_wconf 91' lang='lat' dir='ltr'>moribus</span> <span class='ocrx_word' id='word_1_85' title='bbox 2115 1714 2372 1777; x_wconf 89' lang='lat' dir='ltr'>civitatis</span> 
     </span>
     <span class='ocr_line' id='line_1_13' title="bbox 245 1837 2374 1929; baseline -0 -26"><span class='ocrx_word' id='word_1_86' title='bbox 245 1856 489 1928; x_wconf 92' lang='lat' dir='ltr'>tempus</span> <span class='ocrx_word' id='word_1_87' title='bbox 514 1839 862 1917; x_wconf 92' lang='lat' dir='ltr'>admonuit,</span> <span class='ocrx_word' id='word_1_88' title='bbox 889 1837 1066 1927; x_wconf 90' lang='lat' dir='ltr'>supra</span> <span class='ocrx_word' id='word_1_89' title='bbox 1097 1857 1394 1928; x_wconf 89' lang='lat' dir='ltr'>repetere,</span> <span class='ocrx_word' id='word_1_90' title='bbox 1429 1865 1500 1904; x_wconf 93' lang='lat' dir='ltr'>ac</span> <span class='ocrx_word' id='word_1_91' title='bbox 1526 1842 1737 1929; x_wconf 90' lang='lat' dir='ltr'>paucis</span> <span class='ocrx_word' id='word_1_92' title='bbox 1766 1838 2040 1903; x_wconf 90' lang='lat' dir='ltr'>instituta</span> <span class='ocrx_word' id='word_1_93' title='bbox 2065 1838 2374 1928; x_wconf 90' lang='lat' dir='ltr'>majorum</span> 
     </span>
     <span class='ocr_line' id='line_1_14' title="bbox 246 1964 2371 2057; baseline -0 -27"><span class='ocrx_word' id='word_1_94' title='bbox 246 1964 420 2030; x_wconf 89' lang='lat' dir='ltr'>domi</span> <span class='ocrx_word' id='word_1_95' title='bbox 468 1964 847 2053; x_wconf 87' lang='lat' dir='ltr'>militiaeque,</span> <span class='ocrx_word' id='word_1_96' title='bbox 901 1966 1224 2053; x_wconf 91' lang='lat' dir='ltr'>quomodo</span> <span class='ocrx_word' id='word_1_97' title='bbox 1266 1966 1717 2057; x_wconf 90' lang='lat' dir='ltr'>rempublicam</span> <span class='ocrx_word' id='word_1_98' title='bbox 1770 1965 2119 2044; x_wconf 90' lang='lat' dir='ltr'>habuerint,</span> <span class='ocrx_word' id='word_1_99' title='bbox 2169 1989 2371 2054; x_wconf 92' lang='lat' dir='ltr'>quan-</span> 
     </span>
     <span class='ocr_line' id='line_1_15' title="bbox 245 2089 2374 2180; baseline -0 -25"><span class='ocrx_word' id='word_1_100' title='bbox 245 2107 499 2179; x_wconf 92' lang='lat' dir='ltr'>tamque</span> <span class='ocrx_word' id='word_1_101' title='bbox 542 2090 921 2180; x_wconf 91' lang='lat' dir='ltr'>reliquerint,</span> <span class='ocrx_word' id='word_1_102' title='bbox 968 2108 1038 2155; x_wconf 92' lang='lat' dir='ltr'>ut</span> <span class='ocrx_word' id='word_1_103' title='bbox 1080 2089 1402 2180; x_wconf 89' lang='lat' dir='ltr'>paullatim</span> <span class='ocrx_word' id='word_1_104' title='bbox 1445 2093 1793 2169; x_wconf 91' lang='lat' dir='ltr'>immutata,</span> <span class='ocrx_word' id='word_1_105' title='bbox 1828 2114 1905 2154; x_wconf 87' lang='lat' dir='ltr'>ex</span> <span class='ocrx_word' id='word_1_106' title='bbox 1937 2089 2374 2180; x_wconf 90' lang='lat' dir='ltr'>pulcherruma</span> 
     </span>
    </p>
   </div>
   <div class='ocr_carea' id='block_1_3' title="bbox 247 2215 1790 2308">
    <p class='ocr_par' dir='ltr' id='par_1_4' title="bbox 247 2215 1790 2308">
     <span class='ocr_line' id='line_1_16' title="bbox 247 2215 1790 2308; baseline -0.001 -24"><span class='ocrx_word' id='word_1_107' title='bbox 247 2218 522 2308; x_wconf 87' lang='lat' dir='ltr'>peffuma</span> <span class='ocrx_word' id='word_1_108' title='bbox 553 2243 625 2284; x_wconf 91' lang='lat' dir='ltr'>ac</span> <span class='ocrx_word' id='word_1_109' title='bbox 659 2216 1140 2307; x_wconf 86' lang='lat' dir='ltr'>flagitiofiffuma</span> <span class='ocrx_word' id='word_1_110' title='bbox 1174 2216 1330 2283; x_wconf 66' lang='lat' dir='ltr'>facta</span> <span class='ocrx_word' id='word_1_111' title='bbox 1361 2215 1457 2298; x_wconf 88' lang='lat' dir='ltr'>fit,</span> <span class='ocrx_word' id='word_1_112' title='bbox 1491 2216 1790 2282; x_wconf 83' lang='lat' dir='ltr'>differere.</span> 
     </span>
    </p>
   </div>
   <div class='ocr_carea' id='block_1_4' title="bbox 1253 2600 1350 2652">
    <p class='ocr_par' dir='ltr' id='par_1_5' title="bbox 1253 2600 1350 2652">
     <span class='ocr_line' id='line_1_17' title="bbox 1253 2600 1350 2652; baseline 0.01 -1"><span class='ocrx_word' id='word_1_113' title='bbox 1253 2600 1330 2652; x_wconf 93' lang='lat' dir='ltr'>VI</span> <span class='ocrx_word' id='word_1_114' title='bbox 1339 2640 1350 2652; x_wconf 94' lang='lat'>.</span> 
     </span>
    </p>
   </div>
   <div class='ocr_carea' id='block_1_5' title="bbox 243 2709 570 3038">
    <p class='ocr_par' dir='ltr' id='par_1_6' title="bbox 243 2709 570 3038">
     <span class='ocr_line' id='line_1_18' title="bbox 243 2709 570 3038; baseline 0 1108"><span class='ocrx_word' id='word_1_115' title='bbox 243 2709 570 3038; x_wconf 95' lang='lat' dir='ltr'> </span> 
     </span>
    </p>
   </div>
   <div class='ocr_carea' id='block_1_6' title="bbox 246 3100 2373 3570">
    <p class='ocr_par' dir='ltr' id='par_1_7' title="bbox 246 3100 2373 3570">
     <span class='ocr_line' id='line_1_19' title="bbox 246 3100 2371 3192; baseline 0.003 -31"><span class='ocrx_word' id='word_1_116' title='bbox 246 3122 375 3177; x_wconf 82' lang='lat' dir='ltr'>neS,</span> <span class='ocrx_word' id='word_1_117' title='bbox 397 3122 590 3185; x_wconf 90' lang='lat' dir='ltr'>genus</span> <span class='ocrx_word' id='word_1_118' title='bbox 614 3100 944 3165; x_wconf 91' lang='lat' dir='ltr'>hominum</span> <span class='ocrx_word' id='word_1_119' title='bbox 964 3101 1216 3188; x_wconf 91' lang='lat' dir='ltr'>agreste,</span> <span class='ocrx_word' id='word_1_120' title='bbox 1238 3100 1363 3166; x_wconf 88' lang='lat' dir='ltr'>fine</span> <span class='ocrx_word' id='word_1_121' title='bbox 1384 3101 1782 3189; x_wconf 82' lang='lat' dir='ltr'>legibuS,fine</span> <span class='ocrx_word' id='word_1_122' title='bbox 1803 3105 2086 3192; x_wconf 91' lang='lat' dir='ltr'>imperi0‚</span> <span class='ocrx_word' id='word_1_123' title='bbox 2107 3103 2371 3169; x_wconf 91' lang='lat' dir='ltr'>liberum</span> 
     </span>
     <span class='ocr_line' id='line_1_20' title="bbox 247 3222 2371 3315; baseline 0.004 -29"><span class='ocrx_word' id='word_1_124' title='bbox 247 3239 432 3310; x_wconf 89' lang='lat' dir='ltr'>atque</span> <span class='ocrx_word' id='word_1_125' title='bbox 484 3222 770 3290; x_wconf 91' lang='lat' dir='ltr'>solutum.</span> <span class='ocrx_word' id='word_1_126' title='bbox 900 3229 1012 3306; x_wconf 91' lang='lat' dir='ltr'>Hi,</span> <span class='ocrx_word' id='word_1_127' title='bbox 1062 3225 1389 3315; x_wconf 91' lang='lat' dir='ltr'>postquam</span> <span class='ocrx_word' id='word_1_128' title='bbox 1444 3230 1509 3291; x_wconf 91' lang='lat' dir='ltr'>in</span> <span class='ocrx_word' id='word_1_129' title='bbox 1555 3253 1681 3292; x_wconf 90' lang='lat' dir='ltr'>una</span> <span class='ocrx_word' id='word_1_130' title='bbox 1729 3231 1958 3294; x_wconf 91' lang='lat' dir='ltr'>moenia</span> <span class='ocrx_word' id='word_1_131' title='bbox 2005 3255 2371 3309; x_wconf 91' lang='lat' dir='ltr'>convenere,</span> 
     </span>
     <span class='ocr_line' id='line_1_21' title="bbox 247 3347 2372 3439; baseline 0.005 -29"><span class='ocrx_word' id='word_1_132' title='bbox 247 3347 467 3436; x_wconf 91' lang='lat' dir='ltr'>dispari</span> <span class='ocrx_word' id='word_1_133' title='bbox 509 3373 753 3436; x_wconf 87' lang='lat' dir='ltr'>genere,</span> <span class='ocrx_word' id='word_1_134' title='bbox 789 3351 1059 3416; x_wconf 85' lang='lat' dir='ltr'>dissimili</span> <span class='ocrx_word' id='word_1_135' title='bbox 1098 3351 1334 3439; x_wconf 89' lang='lat' dir='ltr'>lingua,</span> <span class='ocrx_word' id='word_1_136' title='bbox 1369 3352 1521 3417; x_wconf 90' lang='lat' dir='ltr'>alius</span> <span class='ocrx_word' id='word_1_137' title='bbox 1561 3353 1684 3418; x_wconf 90' lang='lat' dir='ltr'>alio</span> <span class='ocrx_word' id='word_1_138' title='bbox 1723 3379 1894 3419; x_wconf 92' lang='lat' dir='ltr'>more</span> <span class='ocrx_word' id='word_1_139' title='bbox 1938 3358 2228 3435; x_wconf 81' lang='lat' dir='ltr'>viventeS,</span> <span class='ocrx_word' id='word_1_140' title='bbox 2272 3359 2372 3420; x_wconf 89' lang='lat' dir='ltr'>in-</span> 
     </span>
     <span class='ocr_line' id='line_1_22' title="bbox 246 3473 2373 3570; baseline 0.004 -33"><span class='ocrx_word' id='word_1_141' title='bbox 246 3473 537 3539; x_wconf 91' lang='lat' dir='ltr'>credibile</span> <span class='ocrx_word' id='word_1_142' title='bbox 579 3495 927 3541; x_wconf 87' lang='lat' dir='ltr'>memoratu</span> <span class='ocrx_word' id='word_1_143' title='bbox 967 3475 1054 3541; x_wconf 90' lang='lat' dir='ltr'>est</span> <span class='ocrx_word' id='word_1_144' title='bbox 1094 3502 1286 3566; x_wconf 93' lang='lat' dir='ltr'>quam</span> <span class='ocrx_word' id='word_1_145' title='bbox 1337 3477 1518 3544; x_wconf 91' lang='lat' dir='ltr'>facile</span> <span class='ocrx_word' id='word_1_146' title='bbox 1563 3479 1925 3545; x_wconf 88' lang='lat' dir='ltr'>coaluerint.</span> <span class='ocrx_word' id='word_1_147' title='bbox 2042 3482 2162 3545; x_wconf 91' lang='lat' dir='ltr'>Sed</span> <span class='ocrx_word' id='word_1_148' title='bbox 2205 3481 2373 3570; x_wconf 93' lang='lat' dir='ltr'>post-</span> 
     </span>
    </p>
   </div>
   <div class='ocr_carea' id='block_1_7' title="bbox 247 3603 2373 3696">
    <p class='ocr_par' dir='ltr' id='par_1_8' title="bbox 247 3603 2373 3696">
     <span class='ocr_line' id='line_1_23' title="bbox 247 3603 2373 3696; baseline 0.005 -35"><span class='ocrx_word' id='word_1_149' title='bbox 247 3621 437 3685; x_wconf 91' lang='lat' dir='ltr'>quam</span> <span class='ocrx_word' id='word_1_150' title='bbox 477 3624 568 3664; x_wconf 92' lang='lat' dir='ltr'>res</span> <span class='ocrx_word' id='word_1_151' title='bbox 601 3625 842 3681; x_wconf 89' lang='lat' dir='ltr'>eorum,</span> <span class='ocrx_word' id='word_1_152' title='bbox 875 3603 1128 3683; x_wconf 89' lang='lat' dir='ltr'>civibus,</span> <span class='ocrx_word' id='word_1_153' title='bbox 1163 3605 1458 3685; x_wconf 79' lang='lat' dir='ltr'>moribuS,</span> <span class='ocrx_word' id='word_1_154' title='bbox 1494 3609 1651 3693; x_wconf 91' lang='lat' dir='ltr'>agris</span> <span class='ocrx_word' id='word_1_155' title='bbox 1690 3613 1888 3686; x_wconf 68' lang='lat' dir='ltr'>aucta,</span> <span class='ocrx_word' id='word_1_156' title='bbox 1923 3607 2055 3671; x_wconf 88' lang='lat' dir='ltr'>satis</span> <span class='ocrx_word' id='word_1_157' title='bbox 2089 3606 2373 3696; x_wconf 93' lang='lat' dir='ltr'>prospera</span> 
     </span>
    </p>
   </div>
  </div>
 </body>
</html>
