2722 4146
670 309 1060 371 BELLUM
1126 304 1910 397 JUGURTHINUM.
2263 307 2342 385 83

1218 734 1368 787 XIX.

239 866 306 894 ’ν’
328 864 536 998 4535}
546 863 830 926 OSTEA
862 857 1207 939 Phoenices,
1233 857 1336 924 alii
1361 805 1775 923 multitudinis
1800 856 1974 922 domi
1997 857 2349 923 minuendae

268 995 295 1022 “
335 898 508 1066 39}
459 1002 500 1025 ¹¹¹
591 988 805 1075 gratia,
855 1010 990 1075 pars
1033 986 1275 1074 imperii
1319 985 1634 1074 cupidine,
1685 982 2006 1067 sollicitata
2056 983 2237 1074 plebe
2287 1000 2351 1048 et

238 1024 527 1160 43³5&

226 1256 489 1318 metum,
536 1240 783 1328 Leptim
834 1237 1097 1326 aliasque
1146 1236 1325 1300 urbes
1370 1238 1436 1300 in
1477 1261 1585 1301 ora
1625 1238 1934 1302 maritima
1976 1236 2348 1301 condidere:

589 1112 720 1178 aliis
763 1136 1063 1177 novarum
1104 1136 1311 1176 rerum
1357 1111 1614 1190 avidiuS,
1656 1112 2047 1200 Hipponem,
2092 1110 2351 1175 Hadru-

226 1364 467 1453 haeque,
520 1364 686 1430 brevi
736 1362 1008 1428 multum
1059 1367 1270 1442 auc‘cae,
1315 1387 1451 1451 pars
1499 1362 1835 1449 originibus
1886 1361 2002 1426 suis
2053 1361 2350 1452 praefidi0‚

226 1489 356 1556 aliae
399 1490 608 1555 decori
651 1486 842 1553 fuere.
943 1491 1116 1553 Nam
1158 1487 1236 1552 de
1270 1486 1647 1575 Carthagine
1692 1485 1865 1552 silere
1911 1487 2131 1552 melius
2174 1506 2351 1577 put0,

227 1640 419 1705 quam
447 1640 667 1705 parum
699 1615 942 1680 dicere:
995 1617 1294 1704 quoniam
1326 1614 1448 1679 alio
1475 1639 1801 1703 properare
1837 1631 2082 1703 tempus
2117 1631 2351 1679 monet.

228 1745 424 1831 Igitur
455 1742 535 1807 ad
559 1740 1043 1822 Catabathmon,
1069 1743 1178 1830 qui
1211 1740 1384 1806 locus
1411 1745 1758 1830 AEgyptum
1781 1740 1857 1806 ab
1879 1739 2095 1806 Africa
2116 1741 2354 1821 dividit,

227 1868 498 1934 secundo
524 1869 678 1933 mari
709 1869 907 1957 prima
933 1870 1178 1957 Cyrene
1204 1865 1312 1947 est,
1338 1865 1589 1932 colonia
1611 1866 1942 1947 Theraeon,
1968 1892 2040 1932 ac
2066 1867 2356 1958 deinceps

228 1996 364 2060 duae
398 1999 618 2085 Syrtes,
650 1996 934 2083 interque
967 2018 1066 2059 eas
1093 1976 1350 2084 Leptis:
1396 1993 1622 2058 deinde
1649 2018 1762 2058 arae
1797 1992 2140 2074 Philaenon,
2167 2018 2357 2083 quem

228 2122 442 2187 locum
493 2119 849 2210 AEgyptum
898 2119 1095 2184 versus
1153 2118 1347 2184 finem
1399 2118 1668 2184 habuere
1725 2122 1969 2210 imperii
2026 2120 2357 2209 Carthagi-

228 2246 500 2313 nienses:
576 2244 713 2335 post
760 2244 890 2310 aliae
942 2247 1189 2310 Punicae
1245 2245 1443 2310 urbes.
1563 2249 1789 2311 Cetera
1841 2244 1980 2311 loca
2031 2247 2223 2335 usque
2277 2248 2357 2312 ad

229 2374 670 2438 Mauritaniam
722 2371 1018 2436 Numidae
1062 2387 1321 2435 tenent:
1387 2396 1689 2460 proxume
1732 2371 2099 2462 Hispaniam
2150 2377 2359 2440 Mauri

229 2500 405 2566 sunt:
454 2499 632 2588 super
658 2498 1030 2563 Numidiam
1055 2497 1326 2562 Gaetulos
1351 2501 1703 2588 accepimus
1736 2502 1961 2589 partim
1985 2502 2050 2565 in
2077 2503 2355 2589 tuguriiS,

230 2626 380 2692 alios
411 2624 702 2690 incultius
734 2650 919 2714 vagos
962 2627 1229 2713 agitare:
1288 2624 1425 2714 post
1467 2651 1571 2690 eos
1615 2624 1950 2715 AEthiopas
1993 2625 2153 2691 effe:
2211 2626 2356 2691 dein

229 2752 372 2818 loca
401 2750 608 2817 exusta
638 2750 774 2815 solis
806 2751 1142 2816 ardoribus,
1219 2753 1415 2839 Igitur
1446 2750 1611 2816 bello
1644 2751 2031 2844 Jugurthino
2061 2750 2354 2841 pleraque

231 2903 310 2945 ex
341 2880 590 2944 Punicis
622 2877 854 2966 oppida
885 2894 948 2941 et
977 2874 1132 2942 fines
1166 2876 1798 2966 Carthaginiensium,
1825 2903 1980 2967 quos
2012 2878 2354 2943 noviffume

230 3006 593 3086 habuerant,
628 3004 896 3095 populus
930 3008 1255 3068 Romanus
1288 3029 1399 3093 per
1429 3003 1814 3092 magistratus
1853 3004 2351 3070 administrabat:

231 3130 618 3197 Gaetulorum
650 3155 879 3218 magna
911 3155 1045 3220 pars
1080 3147 1143 3195 et
1174 3131 1468 3195 Numidae
1501 3130 1694 3219 usque
1727 3130 1807 3195 ad
1849 3127 2087 3195 flumen
2131 3130 2354 3195 Mulu-

229 3255 416 3322 cham
470 3255 578 3320 sub
621 3254 935 3348 Jugurtha
981 3272 1198 3320 erant:
1275 3258 1509 3320 Mauris
1566 3257 1855 3321 omnibus
1910 3281 2014 3321 rex
2070 3255 2352 3322 Bocchus

227 3381 640 3470 imperitabat,
684 3397 900 3470 praeter
940 3405 1197 3461 nomen,
1237 3397 1441 3446 cetera
1483 3384 1729 3470 ignarus
1772 3382 1991 3472 populi
2035 3386 2309 3449 Romani
2328 3411 2349 3464 3

229 3510 504 3596 itemque
537 3507 713 3571 nobis
756 3531 961 3595 neque
993 3505 1159 3571 bello
1191 3532 1397 3596 neque
1431 3531 1584 3597 pace
1629 3524 1809 3572 antea
1850 3510 2154 3595 cognitus.
2251 3514 2350 3574 De

230 3633 445 3699 Africa
476 3650 540 3698 et
570 3632 699 3722 ejus
731 3632 947 3697 incolis
977 3633 1056 3698 ad
1087 3632 1598 3698 neceflitudinem
1631 3635 1720 3698 rei
1751 3633 1885 3698 satis
1916 3635 2170 3701 dictum.
