2722 4146
386 271 467 331 82
912 272 989 334 C.
1059 269 1381 332 CRISPI
1449 269 1968 331 SALLUSTII

382 444 581 521 Medi,
642 443 829 508 Persae
895 461 957 508 et
1014 444 1319 521 Armenii,
1376 442 1630 507 navibus
1693 444 1758 506 in
1821 440 2104 508 Africam
2167 443 2502 523 transvecti,

381 594 717 659 proxumos
761 568 966 634 nostro
1014 571 1170 634 mari
1217 567 1387 633 locos
1433 593 1832 659 occupavere.
1931 570 2051 634 Sed
2108 569 2296 635 Persae
2346 572 2508 634 intra

381 700 708 760 Oceanum
739 694 972 783 magis;
1030 695 1221 785 hique
1254 696 1457 761 alveos
1507 698 1758 761 navium
1799 694 2060 760 inversos
2103 720 2217 784 pro
2249 698 2506 784 tuguriis

379 821 671 901 habuere,
724 824 872 910 quia
924 846 1129 911 neque
1180 824 1437 886 materia
1489 823 1554 885 in
1602 822 1781 908 agriS,
1832 844 2037 908 neque
2089 819 2166 884 ab
2216 822 2507 910 Hispanis

379 948 637 1013 emundi
682 965 790 1013 aut
836 948 1123 1014 mutandi
1171 949 1353 1037 copia
1401 963 1567 1026 erat3
1632 971 1800 1011 mare
1841 951 2143 1035 magnum
2189 964 2254 1012 et
2295 950 2509 1036 ignara

377 1075 589 1163 lingua
622 1076 998 1140 commercia
1034 1074 1466 1165 prohibebant.
1566 1075 1658 1139 Hi
1694 1051 2164 1163 paullatim'ssper
2196 1074 2508 1140 connubia

378 1200 652 1266 Gaetulos
686 1201 893 1268 secum
938 1201 1272 1281 miscuere3
1324 1218 1388 1266 et
1418 1201 1564 1290 quia
1602 1199 2112 1294 ‚saepe,⁴tentante⁴s¹
2156 1225 2356 1291 agros,
2389 1199 2508 1267 alia

377 1327 604 1392 deinde
653 1345 840 1418 atque
878 1327 998 1394 alia
1044 1327 1183 1394 loca
1230 1330 1594 1418 petiverant,
1638 1299 1829 1391 seme-t
1870 1324 1987 1416 ipfi
2015 1306 2347 1405 „Numidas
2394 1352 2508 1418 ap-

376 1454 698 1545 pellavere.
797 1460 1096 1521 Ceterum
1139 1453 1346 1520 adhuc
1383 1437 1644 1519 aedificia
1688 1453 2115 1518 Numidarum
2158 1452 2508 1541 agrestium,

377 1606 511 1670 quae
544 1581 811 1671 mapalia
834 1581 927 1646 illi
951 1598 1197 1662 vocant,
1224 1580 1497 1670 oblonga
1528 1580 1793 1644 incurvis
1817 1577 2106 1643 lateribus
2133 1577 2511 1668 tecta,⁴quas1

377 1710 630 1772 navium
684 1711 902 1774 carinae
958 1708 1119 1778 sunt.
1248 1706 1426 1771 Medi
1491 1721 1702 1770 autem
1757 1720 1820 1769 et
1871 1706 2156 1770 Armenii
2212 1705 2511 1771 a’cceffere

379 1835 600 1924 Libyes
634 1837 803 1921 (nam
836 1834 902 1899 hi
936 1837 1186 1924 propius
1218 1858 1387 1899 mare
1414 1831 1702 1898 Africum
1736 1831 2055 1920 agitabant
2072 1859 2094 1912 3
2146 1831 2373 1897 Gaetuli
2405 1833 2512 1897 sub

379 1957 501 2022 sole
546 1960 763 2046 magiS,
810 1957 980 2023 haud
1020 1958 1237 2048 procul
1281 1959 1358 2024 ab
1389 1958 1728 2046 ardoribus)
1761 1957 1953 2048 hique
1996 1975 2235 2024 mature
2281 1959 2514 2049 oppida

378 2084 649 2150 habuere
670 2111 690 2164 3
745 2109 914 2164 nam,
955 2083 1116 2150 freto
1148 2084 1322 2150 divifi
1363 2086 1440 2151 ab
1475 2086 1795 2175 Hispania,
1830 2103 2070 2151 mutare
2113 2111 2206 2151 res
2249 2088 2411 2151 inter
2454 2086 2512 2151 se

378 2209 783 2276 instituerant.
907 2215 1167 2277 Nomen
1222 2236 1443 2277 eorum
1496 2211 1822 2302 paullatim
1880 2211 2101 2301 Libyes
2158 2237 2511 2302 corrupere,

381 2337 633 2402 barbara
693 2337 911 2426 lingua
964 2342 1219 2404 Mauros
1273 2365 1388 2430 pro
1445 2341 1650 2406 Medis
1713 2340 2114 2431 appellantes,
2238 2341 2358 2406 Sed
2409 2349 2556 2406 'res‘

381 2462 698 2528 Persarum
732 2464 899 2529 brevi
924 2465 1231 2532 adolevit:
1280 2492 1353 2532 ac
1386 2466 1596 2557 postea
1629 2467 1924 2532 Numidae
1957 2469 2234 2547 nomine,
2260 2483 2515 2557 propter

382 2590 849 2657 multitudinem
898 2618 935 2658 a
978 2591 1332 2683 parentibus
1383 2593 1648 2683 digressi,
1688 2593 2005 2683 poffedere
2051 2618 2125 2658 ea
2172 2592 2333 2674 loca,
2377 2618 2512 2682 quae

384 2742 687 2805 proxuma
708 2718 1155 2807 Carthaginem
1182 2721 1489 2785 Numidia
1519 2719 1883 2810 appellatur.
1970 2720 2218 2785 Deinde
2243 2722 2513 2810 utrique,

386 2841 585 2907 alteris
628 2841 790 2924 freti,
835 2841 1156 2909 finitumos
1208 2848 1388 2911 armis
1439 2862 1547 2911 aut
1586 2863 1758 2911 metu
1808 2845 1917 2911 sub
1961 2847 2294 2936 imperium
2335 2845 2515 2912 suum

387 2997 667 3059 coegere,
701 2997 933 3039 nomen
974 2973 1362 3063 gloriamque
1394 2971 1506 3038 fibi
1547 2973 1880 3053 addidere3
1939 2974 2134 3060 magis
2171 2971 2259 3052 hi,
2293 2975 2404 3062 qui
2435 2973 2517 3038 ad

389 3096 666 3162 nostrum
698 3124 866 3164 mare
900 3100 1334 3189 procefferant,
1367 3103 1514 3190 quia
1546 3101 1790 3190 Libyes,
1816 3124 2006 3189 quam
2039 3098 2286 3179 Gaetuli,
2311 3100 2516 3164 minus

392 3220 681 3287 bellicofi.
768 3228 1060 3315 Denique
1086 3227 1312 3292 Africae
1347 3253 1483 3318 pars
1516 3226 1769 3293 inferior
1799 3225 2092 3316 pleraque
2117 3224 2194 3290 ab
2220 3225 2515 3290 Numidis

395 3348 647 3437 poffeffa
678 3350 802 3416 est:
853 3355 994 3419 victi
1026 3380 1240 3421 omnes
1277 3358 1344 3421 in
1386 3373 1639 3445 gentem
1682 3377 2040 3442 nomenque
2078 3354 2518 3442 imperantium

397 3477 762 3542 conceffere.
