<?xml version="1.0" encoding="UTF-8"?>
<!DOCTYPE html PUBLIC "-//W3C//DTD XHTML 1.0 Transitional//EN"
    "http://www.w3.org/TR/xhtml1/DTD/xhtml1-transitional.dtd">
<html xmlns="http://www.w3.org/1999/xhtml" xml:lang="en" lang="en">
 <head>
  <title>
</title>
<meta http-equiv="Content-Type" content="text/html;charset=utf-8" />
  <meta name='ocr-system' content='tesseract 3.04.00' />
  <meta name='ocr-capabilities' content='ocr_page ocr_carea ocr_par ocr_line ocrx_word'/>
</head>
<body>
  <div class='ocr_page' id='page_1' title='image "./operaquaeextanta00salluoft_0050.png"; bbox 0 0 2722 4146; ppageno 0'>
   <div class='ocr_carea' id='block_1_1' title="bbox 402 264 2010 350">
    <p class='ocr_par' dir='ltr' id='par_1_1' title="bbox 402 264 2010 350">
     <span class='ocr_line' id='line_1_1' title="bbox 402 264 2010 350; baseline -0.004 -17"><span class='ocrx_word' id='word_1_1' title='bbox 402 291 492 350; x_wconf 88' lang='lat'>40</span> <span class='ocrx_word' id='word_1_2' title='bbox 941 270 1017 331; x_wconf 93' lang='lat' dir='ltr'>C.</span> <span class='ocrx_word' id='word_1_3' title='bbox 1096 267 1426 329; x_wconf 91' lang='lat' dir='ltr'>CRISPI</span> <span class='ocrx_word' id='word_1_4' title='bbox 1496 264 2010 327; x_wconf 92' lang='lat' dir='ltr'>SALLUSTII</span> 
     </span>
    </p>
   </div>
   <div class='ocr_carea' id='block_1_2' title="bbox 407 437 2572 3195">
    <p class='ocr_par' dir='ltr' id='par_1_2' title="bbox 407 437 2572 3195">
     <span class='ocr_line' id='line_1_2' title="bbox 408 437 2545 528; baseline -0.002 -22"><span class='ocrx_word' id='word_1_5' title='bbox 408 441 823 521; x_wconf 91' lang='lat' dir='ltr'>moderatum,</span> <span class='ocrx_word' id='word_1_6' title='bbox 869 466 941 506; x_wconf 93' lang='lat' dir='ltr'>ac</span> <span class='ocrx_word' id='word_1_7' title='bbox 984 439 1096 506; x_wconf 88' lang='lat' dir='ltr'>fibi</span> <span class='ocrx_word' id='word_1_8' title='bbox 1141 462 1435 506; x_wconf 84' lang='lat' dir='ltr'><strong>maxume</strong></span> <span class='ocrx_word' id='word_1_9' title='bbox 1479 438 1906 504; x_wconf 89' lang='lat' dir='ltr'>calamitosum</span> <span class='ocrx_word' id='word_1_10' title='bbox 1954 437 2253 528; x_wconf 87' lang='lat' dir='ltr'>putabat:</span> <span class='ocrx_word' id='word_1_11' title='bbox 2312 438 2545 526; x_wconf 89' lang='lat' dir='ltr'>quippe</span> 
     </span>
     <span class='ocr_line' id='line_1_3' title="bbox 408 565 2543 657; baseline -0.001 -26"><span class='ocrx_word' id='word_1_12' title='bbox 408 570 510 632; x_wconf 92' lang='lat' dir='ltr'>cui</span> <span class='ocrx_word' id='word_1_13' title='bbox 553 593 768 632; x_wconf 91' lang='lat' dir='ltr'>omnes</span> <span class='ocrx_word' id='word_1_14' title='bbox 809 571 1001 657; x_wconf 85' lang='lat' dir='ltr'>copiae</span> <span class='ocrx_word' id='word_1_15' title='bbox 1044 570 1109 632; x_wconf 90' lang='lat' dir='ltr'>in</span> <span class='ocrx_word' id='word_1_16' title='bbox 1151 568 1262 632; x_wconf 91' lang='lat' dir='ltr'>usu</span> <span class='ocrx_word' id='word_1_17' title='bbox 1304 568 1673 656; x_wconf 90' lang='lat' dir='ltr'>quotidiano</span> <span class='ocrx_word' id='word_1_18' title='bbox 1709 585 1772 632; x_wconf 93' lang='lat' dir='ltr'>et</span> <span class='ocrx_word' id='word_1_19' title='bbox 1814 565 1987 631; x_wconf 92' lang='lat' dir='ltr'>cultu</span> <span class='ocrx_word' id='word_1_20' title='bbox 2033 567 2307 656; x_wconf 88' lang='lat' dir='ltr'>corporis</span> <span class='ocrx_word' id='word_1_21' title='bbox 2350 580 2543 629; x_wconf 89' lang='lat' dir='ltr'>erant.</span> 
     </span>
     <span class='ocr_line' id='line_1_4' title="bbox 410 678 2547 783; baseline -0.001 -26"><span class='ocrx_word' id='word_1_22' title='bbox 410 692 554 758; x_wconf 92' lang='lat' dir='ltr'>Post</span> <span class='ocrx_word' id='word_1_23' title='bbox 586 719 734 758; x_wconf 91' lang='lat' dir='ltr'>eum</span> <span class='ocrx_word' id='word_1_24' title='bbox 768 694 935 759; x_wconf 92' lang='lat' dir='ltr'>diem</span> <span class='ocrx_word' id='word_1_25' title='bbox 969 695 1227 783; x_wconf 89' lang='lat' dir='ltr'>quidam</span> <span class='ocrx_word' id='word_1_26' title='bbox 1269 698 1340 760; x_wconf 90' lang='lat' dir='ltr'>L.</span> <span class='ocrx_word' id='word_1_27' title='bbox 1375 678 1755 783; x_wconf 83' lang='lat' dir='ltr'>Tarquinius</span> <span class='ocrx_word' id='word_1_28' title='bbox 1794 693 1873 758; x_wconf 91' lang='lat' dir='ltr'>ad</span> <span class='ocrx_word' id='word_1_29' title='bbox 1913 697 2209 758; x_wconf 85' lang='lat' dir='ltr'>Senatum</span> <span class='ocrx_word' id='word_1_30' title='bbox 2246 691 2547 756; x_wconf 67' lang='lat' dir='ltr'>adductus</span> 
     </span>
     <span class='ocr_line' id='line_1_5' title="bbox 407 817 2547 909; baseline -0.002 -23"><span class='ocrx_word' id='word_1_31' title='bbox 407 839 558 900; x_wconf 89' lang='lat' dir='ltr'>erat,</span> <span class='ocrx_word' id='word_1_32' title='bbox 581 846 794 909; x_wconf 94' lang='lat' dir='ltr'>quem,</span> <span class='ocrx_word' id='word_1_33' title='bbox 828 822 908 886; x_wconf 90' lang='lat' dir='ltr'>ad</span> <span class='ocrx_word' id='word_1_34' title='bbox 942 821 1280 886; x_wconf 88' lang='lat' dir='ltr'>Catilinam</span> <span class='ocrx_word' id='word_1_35' title='bbox 1312 817 1833 909; x_wconf 88' lang='lat' dir='ltr'>proficiscentem,</span> <span class='ocrx_word' id='word_1_36' title='bbox 1855 843 1932 883; x_wconf 89' lang='lat' dir='ltr'>ex</span> <span class='ocrx_word' id='word_1_37' title='bbox 1966 820 2181 882; x_wconf 93' lang='lat' dir='ltr'>itinere</span> <span class='ocrx_word' id='word_1_38' title='bbox 2214 822 2547 882; x_wconf 65' lang='lat' dir='ltr'>retractum</span> 
     </span>
     <span class='ocr_line' id='line_1_6' title="bbox 408 943 2547 1036; baseline -0 -26"><span class='ocrx_word' id='word_1_39' title='bbox 408 947 670 1011; x_wconf 87' lang='lat' dir='ltr'>aiebant.</span> <span class='ocrx_word' id='word_1_40' title='bbox 777 952 857 1027; x_wconf 90' lang='lat' dir='ltr'>Is,</span> <span class='ocrx_word' id='word_1_41' title='bbox 899 972 1099 1036; x_wconf 94' lang='lat' dir='ltr'>quum</span> <span class='ocrx_word' id='word_1_42' title='bbox 1138 947 1195 1011; x_wconf 88' lang='lat' dir='ltr'>se</span> <span class='ocrx_word' id='word_1_43' title='bbox 1240 947 1474 1011; x_wconf 85' lang='lat' dir='ltr'>diceret</span> <span class='ocrx_word' id='word_1_44' title='bbox 1521 946 1941 1011; x_wconf 89' lang='lat' dir='ltr'>indicaturum</span> <span class='ocrx_word' id='word_1_45' title='bbox 1979 946 2056 1009; x_wconf 91' lang='lat' dir='ltr'>de</span> <span class='ocrx_word' id='word_1_46' title='bbox 2097 943 2547 1033; x_wconf 90' lang='lat' dir='ltr'>conjuratione,</span> 
     </span>
     <span class='ocr_line' id='line_1_7' title="bbox 408 1069 2547 1163; baseline 0 -27"><span class='ocrx_word' id='word_1_47' title='bbox 408 1070 455 1136; x_wconf 91' lang='lat' dir='ltr'>fi</span> <span class='ocrx_word' id='word_1_48' title='bbox 479 1069 634 1137; x_wconf 89' lang='lat' dir='ltr'>fides</span> <span class='ocrx_word' id='word_1_49' title='bbox 660 1073 908 1163; x_wconf 92' lang='lat' dir='ltr'>publica</span> <span class='ocrx_word' id='word_1_50' title='bbox 929 1074 1072 1138; x_wconf 88' lang='lat' dir='ltr'>data</span> <span class='ocrx_word' id='word_1_51' title='bbox 1092 1073 1259 1152; x_wconf 84' lang='lat' dir='ltr'>effet,</span> <span class='ocrx_word' id='word_1_52' title='bbox 1283 1072 1479 1163; x_wconf 85' lang='lat' dir='ltr'>juffus</span> <span class='ocrx_word' id='word_1_53' title='bbox 1512 1098 1549 1138; x_wconf 92' lang='lat' dir='ltr'>a</span> <span class='ocrx_word' id='word_1_54' title='bbox 1573 1072 1870 1153; x_wconf 90' lang='lat' dir='ltr'>Consule,</span> <span class='ocrx_word' id='word_1_55' title='bbox 1897 1098 2032 1162; x_wconf 87' lang='lat' dir='ltr'>quae</span> <span class='ocrx_word' id='word_1_56' title='bbox 2060 1071 2257 1151; x_wconf 90' lang='lat' dir='ltr'>sciret,</span> <span class='ocrx_word' id='word_1_57' title='bbox 2281 1071 2547 1151; x_wconf 90' lang='lat' dir='ltr'>edicere,</span> 
     </span>
     <span class='ocr_line' id='line_1_8' title="bbox 409 1198 2547 1290; baseline 0.001 -28"><span class='ocrx_word' id='word_1_58' title='bbox 409 1199 628 1263; x_wconf 93' lang='lat' dir='ltr'>eadem</span> <span class='ocrx_word' id='word_1_59' title='bbox 674 1198 822 1279; x_wconf 88' lang='lat' dir='ltr'>fere,</span> <span class='ocrx_word' id='word_1_60' title='bbox 873 1225 1007 1289; x_wconf 89' lang='lat' dir='ltr'>quae</span> <span class='ocrx_word' id='word_1_61' title='bbox 1055 1200 1437 1280; x_wconf 81' lang='lat' dir='ltr'>VolturciuS,</span> <span class='ocrx_word' id='word_1_62' title='bbox 1488 1200 1566 1266; x_wconf 91' lang='lat' dir='ltr'>de</span> <span class='ocrx_word' id='word_1_63' title='bbox 1615 1202 1836 1290; x_wconf 90' lang='lat' dir='ltr'>paratis</span> <span class='ocrx_word' id='word_1_64' title='bbox 1885 1199 2210 1278; x_wconf 78' lang='lat' dir='ltr'>incendiiS,</span> <span class='ocrx_word' id='word_1_65' title='bbox 2252 1198 2330 1263; x_wconf 91' lang='lat' dir='ltr'>de</span> <span class='ocrx_word' id='word_1_66' title='bbox 2380 1198 2547 1264; x_wconf 89' lang='lat' dir='ltr'>caede</span> 
     </span>
     <span class='ocr_line' id='line_1_9' title="bbox 412 1327 2548 1416; baseline -0.001 -24"><span class='ocrx_word' id='word_1_67' title='bbox 412 1328 742 1408; x_wconf 91' lang='lat' dir='ltr'>bonorum,</span> <span class='ocrx_word' id='word_1_68' title='bbox 776 1329 855 1394; x_wconf 91' lang='lat' dir='ltr'>de</span> <span class='ocrx_word' id='word_1_69' title='bbox 888 1331 1105 1395; x_wconf 92' lang='lat' dir='ltr'>itinere</span> <span class='ocrx_word' id='word_1_70' title='bbox 1141 1329 1415 1395; x_wconf 92' lang='lat' dir='ltr'>hostium</span> <span class='ocrx_word' id='word_1_71' title='bbox 1447 1333 1740 1393; x_wconf 83' lang='lat' dir='ltr'>Senatum</span> <span class='ocrx_word' id='word_1_72' title='bbox 1773 1327 1997 1392; x_wconf 91' lang='lat' dir='ltr'>docet:</span> <span class='ocrx_word' id='word_1_73' title='bbox 2053 1343 2362 1416; x_wconf 87' lang='lat' dir='ltr'>praeterea,</span> <span class='ocrx_word' id='word_1_74' title='bbox 2398 1335 2439 1366; x_wconf 91' lang='lat'><strong>“</strong></span> <span class='ocrx_word' id='word_1_75' title='bbox 2473 1329 2548 1391; x_wconf 91' lang='lat' dir='ltr'>Se</span> 
     </span>
     <span class='ocr_line' id='line_1_10' title="bbox 412 1452 2549 1546; baseline -0 -28"><span class='ocrx_word' id='word_1_76' title='bbox 412 1455 660 1519; x_wconf 86' lang='lat' dir='ltr'>miffum</span> <span class='ocrx_word' id='word_1_77' title='bbox 693 1480 729 1519; x_wconf 94' lang='lat' dir='ltr'>a</span> <span class='ocrx_word' id='word_1_78' title='bbox 760 1459 854 1519; x_wconf 90' lang='lat' dir='ltr'>M.</span> <span class='ocrx_word' id='word_1_79' title='bbox 884 1456 1119 1536; x_wconf 81' lang='lat' dir='ltr'>Craflb,</span> <span class='ocrx_word' id='word_1_80' title='bbox 1146 1459 1256 1546; x_wconf 92' lang='lat' dir='ltr'>qui</span> <span class='ocrx_word' id='word_1_81' title='bbox 1281 1454 1562 1521; x_wconf 86' lang='lat' dir='ltr'>Catilinae</span> <span class='ocrx_word' id='word_1_82' title='bbox 1590 1457 1935 1533; x_wconf 89' lang='lat' dir='ltr'>nunciaret,</span> <span class='ocrx_word' id='word_1_83' title='bbox 1962 1479 2041 1518; x_wconf 90' lang='lat' dir='ltr'>ne</span> <span class='ocrx_word' id='word_1_84' title='bbox 2074 1478 2223 1518; x_wconf 91' lang='lat' dir='ltr'>eum</span> <span class='ocrx_word' id='word_1_85' title='bbox 2249 1452 2549 1518; x_wconf 88' lang='lat' dir='ltr'>Lentulus</span> 
     </span>
     <span class='ocr_line' id='line_1_11' title="bbox 412 1578 2547 1674; baseline 0 -30"><span class='ocrx_word' id='word_1_86' title='bbox 412 1596 475 1644; x_wconf 90' lang='lat' dir='ltr'>et</span> <span class='ocrx_word' id='word_1_87' title='bbox 526 1580 843 1669; x_wconf 86' lang='lat' dir='ltr'>Cethegus</span> <span class='ocrx_word' id='word_1_88' title='bbox 895 1581 1124 1672; x_wconf 89' lang='lat' dir='ltr'>aliique</span> <span class='ocrx_word' id='word_1_89' title='bbox 1176 1608 1255 1648; x_wconf 86' lang='lat' dir='ltr'>ex</span> <span class='ocrx_word' id='word_1_90' title='bbox 1306 1583 1736 1674; x_wconf 90' lang='lat' dir='ltr'>conjuratione</span> <span class='ocrx_word' id='word_1_91' title='bbox 1794 1578 2157 1671; x_wconf 79' lang='lat' dir='ltr'>deprehensi</span> <span class='ocrx_word' id='word_1_92' title='bbox 2209 1596 2547 1660; x_wconf 88' lang='lat' dir='ltr'>terrerent3</span> 
     </span>
     <span class='ocr_line' id='line_1_12' title="bbox 411 1710 2550 1800; baseline 0 -29"><span class='ocrx_word' id='word_1_93' title='bbox 411 1731 614 1795; x_wconf 91' lang='lat' dir='ltr'>eoque</span> <span class='ocrx_word' id='word_1_94' title='bbox 640 1712 832 1796; x_wconf 86' lang='lat' dir='ltr'>magis</span> <span class='ocrx_word' id='word_1_95' title='bbox 859 1729 1216 1800; x_wconf 90' lang='lat' dir='ltr'>properaret</span> <span class='ocrx_word' id='word_1_96' title='bbox 1238 1713 1316 1777; x_wconf 90' lang='lat' dir='ltr'>ad</span> <span class='ocrx_word' id='word_1_97' title='bbox 1345 1712 1581 1776; x_wconf 88' lang='lat' dir='ltr'>Urbem</span> <span class='ocrx_word' id='word_1_98' title='bbox 1607 1710 1924 1788; x_wconf 88' lang='lat' dir='ltr'>accedere,</span> <span class='ocrx_word' id='word_1_99' title='bbox 1952 1733 2080 1797; x_wconf 94' lang='lat' dir='ltr'>quo</span> <span class='ocrx_word' id='word_1_100' title='bbox 2113 1724 2178 1772; x_wconf 90' lang='lat' dir='ltr'>et</span> <span class='ocrx_word' id='word_1_101' title='bbox 2200 1724 2550 1773; x_wconf 88' lang='lat' dir='ltr'>ceterorum</span> 
     </span>
     <span class='ocr_line' id='line_1_13' title="bbox 413 1834 2551 1928; baseline 0 -30"><span class='ocrx_word' id='word_1_102' title='bbox 413 1836 651 1900; x_wconf 86' lang='lat' dir='ltr'>animos</span> <span class='ocrx_word' id='word_1_103' title='bbox 684 1834 986 1917; x_wconf 90' lang='lat' dir='ltr'>reficeret,</span> <span class='ocrx_word' id='word_1_104' title='bbox 1023 1855 1085 1903; x_wconf 91' lang='lat' dir='ltr'>et</span> <span class='ocrx_word' id='word_1_105' title='bbox 1114 1837 1204 1903; x_wconf 93' lang='lat' dir='ltr'>illi</span> <span class='ocrx_word' id='word_1_106' title='bbox 1238 1838 1476 1904; x_wconf 89' lang='lat' dir='ltr'>facilius</span> <span class='ocrx_word' id='word_1_107' title='bbox 1511 1864 1545 1903; x_wconf 93' lang='lat' dir='ltr'>e</span> <span class='ocrx_word' id='word_1_108' title='bbox 1579 1836 1857 1928; x_wconf 91' lang='lat' dir='ltr'>periculo</span> <span class='ocrx_word' id='word_1_109' title='bbox 1890 1834 2333 1925; x_wconf 87' lang='lat' dir='ltr'>eriperentur.”</span> <span class='ocrx_word' id='word_1_110' title='bbox 2429 1834 2551 1900; x_wconf 87' lang='lat' dir='ltr'>Sed</span> 
     </span>
     <span class='ocr_line' id='line_1_14' title="bbox 411 1962 2552 2052; baseline 0 -26"><span class='ocrx_word' id='word_1_111' title='bbox 411 1962 520 2027; x_wconf 92' lang='lat' dir='ltr'>ubi</span> <span class='ocrx_word' id='word_1_112' title='bbox 553 1966 929 2052; x_wconf 87' lang='lat' dir='ltr'>Tarquinius</span> <span class='ocrx_word' id='word_1_113' title='bbox 956 1966 1239 2031; x_wconf 84' lang='lat' dir='ltr'>Craffum</span> <span class='ocrx_word' id='word_1_114' title='bbox 1265 1968 1631 2044; x_wconf 90' lang='lat' dir='ltr'>nominavit,</span> <span class='ocrx_word' id='word_1_115' title='bbox 1660 1964 1984 2030; x_wconf 92' lang='lat' dir='ltr'>hominem</span> <span class='ocrx_word' id='word_1_116' title='bbox 2009 1962 2308 2043; x_wconf 92' lang='lat' dir='ltr'>nobilem,</span> <span class='ocrx_word' id='word_1_117' title='bbox 2334 1986 2552 2027; x_wconf 85' lang='lat' dir='ltr'>maxu-</span> 
     </span>
     <span class='ocr_line' id='line_1_15' title="bbox 412 2089 2551 2183; baseline 0 -29"><span class='ocrx_word' id='word_1_118' title='bbox 412 2092 527 2154; x_wconf 89' lang='lat' dir='ltr'>mis</span> <span class='ocrx_word' id='word_1_119' title='bbox 579 2091 823 2171; x_wconf 86' lang='lat' dir='ltr'>divitiis,</span> <span class='ocrx_word' id='word_1_120' title='bbox 875 2091 1115 2158; x_wconf 90' lang='lat' dir='ltr'>summa</span> <span class='ocrx_word' id='word_1_121' title='bbox 1165 2095 1483 2183; x_wconf 88' lang='lat' dir='ltr'>potentia:</span> <span class='ocrx_word' id='word_1_122' title='bbox 1552 2092 1678 2173; x_wconf 90' lang='lat' dir='ltr'>alii,</span> <span class='ocrx_word' id='word_1_123' title='bbox 1730 2118 1863 2158; x_wconf 91' lang='lat' dir='ltr'>rem</span> <span class='ocrx_word' id='word_1_124' title='bbox 1915 2089 2345 2157; x_wconf 92' lang='lat' dir='ltr'>incredibilem</span> <span class='ocrx_word' id='word_1_125' title='bbox 2395 2092 2551 2171; x_wconf 82' lang='lat' dir='ltr'>rati3</span> 
     </span>
     <span class='ocr_line' id='line_1_16' title="bbox 413 2216 2552 2308; baseline 0 -28"><span class='ocrx_word' id='word_1_126' title='bbox 413 2241 570 2305; x_wconf 80' lang='lat' dir='ltr'>parS,</span> <span class='ocrx_word' id='word_1_127' title='bbox 597 2216 839 2283; x_wconf 85' lang='lat' dir='ltr'>tametsi</span> <span class='ocrx_word' id='word_1_128' title='bbox 862 2244 1080 2283; x_wconf 90' lang='lat' dir='ltr'>verum</span> <span class='ocrx_word' id='word_1_129' title='bbox 1105 2219 1575 2300; x_wconf 87' lang='lat' dir='ltr'>existumabant,</span> <span class='ocrx_word' id='word_1_130' title='bbox 1603 2237 1834 2300; x_wconf 92' lang='lat' dir='ltr'>tamen,</span> <span class='ocrx_word' id='word_1_131' title='bbox 1862 2221 2010 2308; x_wconf 91' lang='lat' dir='ltr'>quia</span> <span class='ocrx_word' id='word_1_132' title='bbox 2041 2221 2106 2282; x_wconf 94' lang='lat' dir='ltr'>in</span> <span class='ocrx_word' id='word_1_133' title='bbox 2132 2216 2239 2283; x_wconf 90' lang='lat' dir='ltr'>tali</span> <span class='ocrx_word' id='word_1_134' title='bbox 2270 2234 2552 2307; x_wconf 86' lang='lat' dir='ltr'>tempore</span> 
     </span>
     <span class='ocr_line' id='line_1_17' title="bbox 413 2343 2572 2437; baseline 0 -28"><span class='ocrx_word' id='word_1_135' title='bbox 413 2361 584 2409; x_wconf 90' lang='lat' dir='ltr'>tanta</span> <span class='ocrx_word' id='word_1_136' title='bbox 607 2346 693 2409; x_wconf 88' lang='lat' dir='ltr'>vis</span> <span class='ocrx_word' id='word_1_137' title='bbox 725 2343 995 2410; x_wconf 91' lang='lat' dir='ltr'>hominis</span> <span class='ocrx_word' id='word_1_138' title='bbox 1021 2348 1214 2434; x_wconf 87' lang='lat' dir='ltr'>magis</span> <span class='ocrx_word' id='word_1_139' title='bbox 1238 2345 1560 2428; x_wconf 92' lang='lat' dir='ltr'>leniunda,</span> <span class='ocrx_word' id='word_1_140' title='bbox 1582 2372 1774 2437; x_wconf 88' lang='lat' dir='ltr'>quam</span> <span class='ocrx_word' id='word_1_141' title='bbox 1794 2345 2165 2435; x_wconf 87' lang='lat' dir='ltr'>exagitanda</span> <span class='ocrx_word' id='word_1_142' title='bbox 2189 2344 2510 2410; x_wconf 88' lang='lat' dir='ltr'>videbatur</span> <span class='ocrx_word' id='word_1_143' title='bbox 2527 2363 2572 2425; x_wconf 68' lang='lat'>3⁴</span> 
     </span>
     <span class='ocr_line' id='line_1_18' title="bbox 414 2470 2551 2564; baseline 0 -29"><span class='ocrx_word' id='word_1_144' title='bbox 414 2470 695 2561; x_wconf 90' lang='lat' dir='ltr'>plerique</span> <span class='ocrx_word' id='word_1_145' title='bbox 749 2472 962 2537; x_wconf 76' lang='lat' dir='ltr'>Crafi‘o</span> <span class='ocrx_word' id='word_1_146' title='bbox 1019 2498 1097 2537; x_wconf 88' lang='lat' dir='ltr'>ex</span> <span class='ocrx_word' id='word_1_147' title='bbox 1159 2476 1422 2562; x_wconf 83' lang='lat' dir='ltr'>negotiis</span> <span class='ocrx_word' id='word_1_148' title='bbox 1484 2476 1729 2564; x_wconf 87' lang='lat' dir='ltr'>privatis</span> <span class='ocrx_word' id='word_1_149' title='bbox 1793 2474 2071 2554; x_wconf 86' lang='lat' dir='ltr'>obnoxii,</span> <span class='ocrx_word' id='word_1_150' title='bbox 2130 2471 2551 2552; x_wconf 89' lang='lat' dir='ltr'>conclamant,</span> 
     </span>
     <span class='ocr_line' id='line_1_19' title="bbox 413 2598 2549 2690; baseline 0 -28"><span class='ocrx_word' id='word_1_151' title='bbox 413 2599 688 2663; x_wconf 92' lang='lat' dir='ltr'>indicem</span> <span class='ocrx_word' id='word_1_152' title='bbox 746 2598 966 2664; x_wconf 87' lang='lat' dir='ltr'>falsum</span> <span class='ocrx_word' id='word_1_153' title='bbox 1016 2600 1158 2680; x_wconf 84' lang='lat' dir='ltr'>effe,</span> <span class='ocrx_word' id='word_1_154' title='bbox 1216 2601 1420 2690; x_wconf 90' lang='lat' dir='ltr'>deque</span> <span class='ocrx_word' id='word_1_155' title='bbox 1475 2626 1549 2666; x_wconf 92' lang='lat' dir='ltr'>ea</span> <span class='ocrx_word' id='word_1_156' title='bbox 1601 2626 1666 2665; x_wconf 90' lang='lat' dir='ltr'>re</span> <span class='ocrx_word' id='word_1_157' title='bbox 1723 2599 2037 2690; x_wconf 87' lang='lat' dir='ltr'>postulant</span> <span class='ocrx_word' id='word_1_158' title='bbox 2089 2603 2182 2665; x_wconf 90' lang='lat' dir='ltr'>uti</span> <span class='ocrx_word' id='word_1_159' title='bbox 2233 2599 2549 2665; x_wconf 86' lang='lat' dir='ltr'>referatur.</span> 
     </span>
     <span class='ocr_line' id='line_1_20' title="bbox 415 2726 2552 2817; baseline 0 -28"><span class='ocrx_word' id='word_1_160' title='bbox 415 2729 658 2814; x_wconf 91' lang='lat' dir='ltr'>Itaque,</span> <span class='ocrx_word' id='word_1_161' title='bbox 730 2726 1116 2792; x_wconf 92' lang='lat' dir='ltr'>consulente·</span> <span class='ocrx_word' id='word_1_162' title='bbox 1163 2730 1492 2807; x_wconf 91' lang='lat' dir='ltr'>Cicerone,</span> <span class='ocrx_word' id='word_1_163' title='bbox 1562 2727 1851 2817; x_wconf 91' lang='lat' dir='ltr'>frequens</span> <span class='ocrx_word' id='word_1_164' title='bbox 1925 2733 2179 2793; x_wconf 89' lang='lat' dir='ltr'>Senatus</span> <span class='ocrx_word' id='word_1_165' title='bbox 2253 2726 2552 2804; x_wconf 88' lang='lat' dir='ltr'>decernit,</span> 
     </span>
     <span class='ocr_line' id='line_1_21' title="bbox 417 2851 2554 2944; baseline 0 -30"><span class='ocrx_word' id='word_1_166' title='bbox 417 2854 746 2940; x_wconf 90' lang='lat' dir='ltr'>Tarquinii</span> <span class='ocrx_word' id='word_1_167' title='bbox 779 2854 1084 2918; x_wconf 91' lang='lat' dir='ltr'>indicium</span> <span class='ocrx_word' id='word_1_168' title='bbox 1117 2853 1338 2919; x_wconf 91' lang='lat' dir='ltr'>falsum</span> <span class='ocrx_word' id='word_1_169' title='bbox 1362 2855 1576 2935; x_wconf 92' lang='lat' dir='ltr'>videri,</span> <span class='ocrx_word' id='word_1_170' title='bbox 1603 2880 1875 2944; x_wconf 91' lang='lat' dir='ltr'>eumque</span> <span class='ocrx_word' id='word_1_171' title='bbox 1907 2857 1971 2919; x_wconf 93' lang='lat' dir='ltr'>in</span> <span class='ocrx_word' id='word_1_172' title='bbox 1996 2851 2256 2919; x_wconf 90' lang='lat' dir='ltr'>vinculis</span> <span class='ocrx_word' id='word_1_173' title='bbox 2279 2854 2554 2918; x_wconf 88' lang='lat' dir='ltr'>retinen-</span> 
     </span>
     <span class='ocr_line' id='line_1_22' title="bbox 418 2978 2555 3070; baseline 0.001 -29"><span class='ocrx_word' id='word_1_174' title='bbox 418 2978 593 3057; x_wconf 91' lang='lat' dir='ltr'>dum,</span> <span class='ocrx_word' id='word_1_175' title='bbox 628 3003 832 3067; x_wconf 91' lang='lat' dir='ltr'>neque</span> <span class='ocrx_word' id='word_1_176' title='bbox 873 2980 1138 3069; x_wconf 91' lang='lat' dir='ltr'>amplius</span> <span class='ocrx_word' id='word_1_177' title='bbox 1178 2980 1544 3070; x_wconf 89' lang='lat' dir='ltr'>potestatem</span> <span class='ocrx_word' id='word_1_178' title='bbox 1583 2980 1962 3061; x_wconf 91' lang='lat' dir='ltr'>faciundam,</span> <span class='ocrx_word' id='word_1_179' title='bbox 2005 2979 2120 3046; x_wconf 84' lang='lat' dir='ltr'>nisi</span> <span class='ocrx_word' id='word_1_180' title='bbox 2156 2981 2234 3045; x_wconf 92' lang='lat' dir='ltr'>de</span> <span class='ocrx_word' id='word_1_181' title='bbox 2272 3004 2351 3045; x_wconf 90' lang='lat' dir='ltr'>eo</span> <span class='ocrx_word' id='word_1_182' title='bbox 2388 2979 2555 3044; x_wconf 88' lang='lat' dir='ltr'>indi-</span> 
     </span>
     <span class='ocr_line' id='line_1_23' title="bbox 419 3085 2554 3195; baseline 0.001 -28"><span class='ocrx_word' id='word_1_183' title='bbox 419 3121 604 3184; x_wconf 90' lang='lat' dir='ltr'>caret,</span> <span class='ocrx_word' id='word_1_184' title='bbox 651 3105 825 3195; x_wconf 90' lang='lat' dir='ltr'>cujus</span> <span class='ocrx_word' id='word_1_185' title='bbox 875 3106 1132 3172; x_wconf 82' lang='lat' dir='ltr'>consilio</span> <span class='ocrx_word' id='word_1_186' title='bbox 1174 3126 1411 3174; x_wconf 88' lang='lat' dir='ltr'>tantam</span> <span class='ocrx_word' id='word_1_187' title='bbox 1451 3133 1584 3173; x_wconf 92' lang='lat' dir='ltr'>rem</span> <span class='ocrx_word' id='word_1_188' title='bbox 1623 3108 1772 3173; x_wconf 87' lang='lat' dir='ltr'>effet</span> <span class='ocrx_word' id='word_1_189' title='bbox 1809 3110 2123 3173; x_wconf 79' lang='lat' dir='ltr'>mentitus,</span> <span class='ocrx_word' id='word_1_190' title='bbox 2246 3085 2442 3171; x_wconf 90' lang='lat' dir='ltr'>Erant</span> <span class='ocrx_word' id='word_1_191' title='bbox 2462 3116 2554 3171; x_wconf 66' lang='lat' dir='ltr'>&#39;eo</span> 
     </span>
    </p>
   </div>
   <div class='ocr_carea' id='block_1_3' title="bbox 420 3234 2555 3321">
    <p class='ocr_par' dir='ltr' id='par_1_3' title="bbox 420 3234 2555 3321">
     <span class='ocr_line' id='line_1_24' title="bbox 420 3234 2555 3321; baseline 0.001 -27"><span class='ocrx_word' id='word_1_192' title='bbox 420 3248 724 3320; x_wconf 89' lang='lat' dir='ltr'>tempore,</span> <span class='ocrx_word' id='word_1_193' title='bbox 790 3236 900 3321; x_wconf 93' lang='lat' dir='ltr'>qui</span> <span class='ocrx_word' id='word_1_194' title='bbox 961 3234 1369 3316; x_wconf 87' lang='lat' dir='ltr'>aestumarent,</span> <span class='ocrx_word' id='word_1_195' title='bbox 1434 3236 1741 3301; x_wconf 92' lang='lat' dir='ltr'>indicium</span> <span class='ocrx_word' id='word_1_196' title='bbox 1802 3234 1960 3300; x_wconf 94' lang='lat' dir='ltr'>illud</span> <span class='ocrx_word' id='word_1_197' title='bbox 2023 3259 2059 3300; x_wconf 90' lang='lat' dir='ltr'>a</span> <span class='ocrx_word' id='word_1_198' title='bbox 2108 3237 2178 3300; x_wconf 92' lang='lat' dir='ltr'>P.</span> <span class='ocrx_word' id='word_1_199' title='bbox 2241 3234 2555 3299; x_wconf 89' lang='lat' dir='ltr'>Autronio</span> 
     </span>
    </p>
   </div>
   <div class='ocr_carea' id='block_1_4' title="bbox 419 3342 2707 3454">
    <p class='ocr_par' dir='ltr' id='par_1_4' title="bbox 419 3342 2707 3454">
     <span class='ocr_line' id='line_1_25' title="bbox 419 3342 2707 3454; baseline 0.004 -33"><span class='ocrx_word' id='word_1_200' title='bbox 419 3357 868 3440; x_wconf 89' lang='lat' dir='ltr'>machinatum,</span> <span class='ocrx_word' id='word_1_201' title='bbox 914 3386 1042 3450; x_wconf 92' lang='lat' dir='ltr'>quo</span> <span class='ocrx_word' id='word_1_202' title='bbox 1090 3342 1353 3444; x_wconf 77' lang='lat' dir='ltr'>faciliuS,</span> <span class='ocrx_word' id='word_1_203' title='bbox 1398 3362 1713 3454; x_wconf 92' lang='lat' dir='ltr'>adpellato</span> <span class='ocrx_word' id='word_1_204' title='bbox 1759 3362 1994 3441; x_wconf 81' lang='lat' dir='ltr'>Crafib,</span> <span class='ocrx_word' id='word_1_205' title='bbox 2041 3385 2148 3450; x_wconf 90' lang='lat' dir='ltr'>per</span> <span class='ocrx_word' id='word_1_206' title='bbox 2199 3359 2555 3425; x_wconf 89' lang='lat' dir='ltr'>societatem</span> <span class='ocrx_word' id='word_1_207' title='bbox 2626 3424 2631 3429; x_wconf 83' lang='lat'><strong>.</strong></span> <span class='ocrx_word' id='word_1_208' title='bbox 2705 3436 2707 3438; x_wconf 59' lang='grc'><strong>,</strong></span> 
     </span>
    </p>
   </div>
   <div class='ocr_carea' id='block_1_5' title="bbox 421 3484 2556 3579">
    <p class='ocr_par' dir='ltr' id='par_1_5' title="bbox 421 3484 2556 3579">
     <span class='ocr_line' id='line_1_26' title="bbox 421 3484 2556 3579; baseline 0.001 -32"><span class='ocrx_word' id='word_1_209' title='bbox 421 3484 679 3572; x_wconf 90' lang='lat' dir='ltr'>periculi</span> <span class='ocrx_word' id='word_1_210' title='bbox 711 3484 979 3574; x_wconf 89' lang='lat' dir='ltr'>reliquos</span> <span class='ocrx_word' id='word_1_211' title='bbox 1012 3488 1173 3554; x_wconf 90' lang='lat' dir='ltr'>illius</span> <span class='ocrx_word' id='word_1_212' title='bbox 1208 3493 1487 3579; x_wconf 90' lang='lat' dir='ltr'>potentia</span> <span class='ocrx_word' id='word_1_213' title='bbox 1518 3507 1772 3578; x_wconf 87' lang='lat' dir='ltr'>tegeret.</span> <span class='ocrx_word' id='word_1_214' title='bbox 1890 3490 2021 3553; x_wconf 93' lang='lat' dir='ltr'>Alii</span> <span class='ocrx_word' id='word_1_215' title='bbox 2058 3488 2474 3576; x_wconf 90' lang='lat' dir='ltr'>Tarquinium</span> <span class='ocrx_word' id='word_1_216' title='bbox 2518 3509 2556 3549; x_wconf 89' lang='lat' dir='ltr'>a</span> 
     </span>
    </p>
   </div>
   <div class='ocr_carea' id='block_1_6' title="bbox 421 3611 2554 3702">
    <p class='ocr_par' dir='ltr' id='par_1_6' title="bbox 421 3611 2554 3702">
     <span class='ocr_line' id='line_1_27' title="bbox 421 3611 2554 3702; baseline 0 -28"><span class='ocrx_word' id='word_1_217' title='bbox 421 3612 728 3676; x_wconf 91' lang='lat' dir='ltr'>Cicerone</span> <span class='ocrx_word' id='word_1_218' title='bbox 768 3613 1104 3679; x_wconf 84' lang='lat' dir='ltr'>immiffum</span> <span class='ocrx_word' id='word_1_219' title='bbox 1154 3617 1421 3698; x_wconf 88' lang='lat' dir='ltr'>aiebant,</span> <span class='ocrx_word' id='word_1_220' title='bbox 1465 3643 1544 3682; x_wconf 93' lang='lat' dir='ltr'>ne</span> <span class='ocrx_word' id='word_1_221' title='bbox 1588 3615 1855 3696; x_wconf 85' lang='lat' dir='ltr'>Craffus,</span> <span class='ocrx_word' id='word_1_222' title='bbox 1888 3639 2062 3680; x_wconf 91' lang='lat' dir='ltr'>more</span> <span class='ocrx_word' id='word_1_223' title='bbox 2104 3613 2235 3693; x_wconf 89' lang='lat' dir='ltr'>su0,</span> <span class='ocrx_word' id='word_1_224' title='bbox 2275 3611 2554 3702; x_wconf 91' lang='lat' dir='ltr'>suscepto</span> 
     </span>
    </p>
   </div>
  </div>
 </body>
</html>
