2722 4146
399 280 525 340 108
927 275 1003 338 C.
1074 275 1398 337 CRISPI
1466 273 1985 335 SALLUSTII

1358 701 1560 754 XLIV.

520 879 533 906 ,⁴
590 836 709 954 Q}
725 831 843 891 ED
885 826 992 891 ubi
1037 828 1101 890 in
1138 824 1418 890 Africam
1450 827 1640 905 venit,
1675 828 1976 891 exercitus
2020 828 2078 890 ei
2122 825 2378 891 traditur
2422 828 2524 915 Sp.

520 918 530 940 ⁴
619 946 689 969 υ

639 961 709 1063 (ο
771 954 1005 1018 Albini·
1033 951 1422 1018 Proconsulis
1466 955 1648 1032 inerS,
1693 952 1978 1032 imbellis,
2025 977 2228 1042 neque
2273 950 2530 1042 periculi

772 1106 977 1171 neque
1003 1080 1226 1145 laboris
1252 1081 1510 1169 patienS‚
1536 1079 1966 1169 lingua'quam
1989 1105 2181 1144 manu
2208 1080 2529 1169 promtior,

403 1209 703 1299 praedator
750 1233 828 1272 ex
870 1207 1065 1287 sociiS‚
1106 1225 1170 1271 et
1217 1206 1340 1296 ipse
1388 1207 1592 1296 praeda
1640 1206 1931 1287 hostium,
1981 1205 2107 1272 fine
2158 1208 2420 1296 imperio
2469 1222 2534 1270 et

403 1334 702 1399 modestia
726 1334 988 1399 habitus,
1075 1339 1171 1399 Ita
1203 1335 1559 1423 imperatori
1593 1359 1759 1399 novo
1786 1333 1921 1423 plus
1948 1359 2024 1398 ex
2056 1333 2230 1398 malis
2261 1331 2534 1397 moribus

403 1461 852 1543 sollicitudiniS,
887 1486 1078 1551 quam
1121 1486 1198 1526 ex
1237 1463 1419 1550 copia
1463 1460 1735 1525 militum
1782 1459 1995 1525 auxilii
2040 1477 2148 1525 aut
2189 1459 2314 1549 spei
2358 1459 2533 1524 bonae

404 1589 759 1655 accedebat.
846 1591 1070 1653 Statuit
1100 1605 1310 1653 tamen
1347 1586 1664 1667 Metellus,
1691 1585 2075 1677 quamquam
2107 1605 2171 1652 et
2193 1585 2536 1652 aestivorum

406 1733 651 1802 tempus
672 1714 1067 1777 comitiorum
1094 1738 1268 1778 mora
1293 1716 1712 1794 imminuerat,
1735 1732 1797 1779 et
1816 1714 2263 1804 exspectatione
2283 1685 2538 1778 eventus

408 1841 638 1905 civium
669 1841 907 1904 animos
940 1843 1210 1905 intentos
1241 1840 1521 1930 putabat,
1557 1865 1686 1905 non
1729 1844 1896 1931 prius
1936 1840 2172 1905 bellum
2213 1841 2537 1927 attingere,

409 1989 602 2054 quam
646 1964 954 2054 majorum
996 1964 1316 2055 disciplina
1366 1966 1588 2031 milites
1633 1966 1906 2031 laborare
1957 1965 2265 2053 coegiffet.
2367 1970 2539 2030 Nam

410 2091 701 2171 Albinus,
738 2091 888 2157 Auli
927 2091 1122 2157 fratris
1162 2093 1583 2182 exercitusque
1628 2092 1803 2157 clade
1848 2092 2179 2182 perculsus,
2214 2090 2543 2181 postquam

410 2220 763 2284 decreverat
788 2243 917 2282 non
942 2220 1154 2307 egredi
1180 2223 1519 2309 provincia,
1547 2237 1855 2308 quantum
1881 2222 2176 2308 temporis
2201 2218 2544 2284 aestivorum

412 2350 478 2411 in
509 2349 770 2436 imperio
802 2345 942 2426 fuit,
970 2347 1340 2436 plerumque
1373 2347 1597 2412 milites
1630 2345 1852 2411 stativis
1885 2345 2086 2412 castris
2120 2344 2561 2427 habebat‚nifi'

414 2498 612 2562 quum
645 2474 797 2537 odos
830 2492 938 2538 aut
970 2474 1182 2563 pabuli
1215 2472 1445 2562 egestas
1478 2472 1695 2537 locum
1729 2491 1968 2538 mutare
2000 2473 2337 2561 subegerat.
2428 2474 2546 2538 Sed

416 2622 622 2687 neque
666 2599 1108 2665 muniebantur
1146 2626 1240 2680 ea,
1274 2624 1481 2688 neque
1526 2624 1699 2664 more
1739 2599 1988 2665 militari
2021 2600 2238 2688 vigiliae
2272 2599 2547 2665 deduce-

418 2726 641 2790 bantur
660 2753 679 2804 3
729 2729 823 2790 uti
856 2730 1082 2817 cuique
1116 2728 1390 2807 lubebat,
1425 2727 1502 2792 ab
1535 2725 1717 2815 fignis
1750 2728 1977 2793 aberat.
2059 2730 2224 2791 Lixae
2259 2727 2547 2815 permixti

419 2878 566 2917 curn
618 2853 914 2919 militibus
966 2856 1068 2920 die
1118 2861 1434 2945 noctuque
1486 2858 1887 2944 vagabantur,
1933 2872 1998 2918 et
2049 2852 2322 2943 palantes
2372 2876 2561 2941 agros-

420 2978 669 3060 vastare‚
721 2980 889 3046 villas
941 3007 1321 3072 expugnare,
1375 2984 1613 3072 pecoris
1671 3000 1735 3047 et
1785 2983 2265 3070 manicipiorum
2319 2979 2549 3070 praedas

423 3120 724 3168 certantes
757 3129 960 3193 agere,
986 3132 1183 3196 eaque
1209 3127 1450 3174 mutare
1476 3135 1625 3174 cum
1649 3109 2088 3174 mercatoribus
2112 3111 2259 3173 vino
2283 3108 2551 3173 advecti-

425 3230 515 3292 tio
571 3247 634 3292 et
689 3229 819 3294 aliis
875 3230 1134 3298 talibus:
1211 3253 1523 3323 praeterea,
1583 3236 1970 3301 frumentum
2033 3234 2280 3324 publice
2336 3234 2553 3298 datum

426 3354 714 3435 vendere,
746 3381 975 3445 panem
1005 3361 1070 3423 in
1104 3361 1232 3426 dies
1265 3366 1563 3429 mercari:
1615 3362 1947 3453 postrem0‚
1981 3384 2391 3450 quaecumque
2430 3359 2554 3424 dici

428 3497 535 3543 aut
574 3478 729 3567 fingi
762 3502 1003 3570 queunt
1039 3487 1294 3573 ignaviae
1338 3489 1720 3580 luxuriaeque
1763 3489 2005 3579 probra,
2038 3489 2102 3551 in
2143 3485 2251 3551 illo
2283 3487 2554 3551 exercitu

431 3611 653 3670 cuncta
687 3605 880 3688 fuere,
913 3627 976 3674 et
1007 3611 1125 3677 alia
1157 3614 1442 3704 amplius,
