2722 4146
389 277 476 355 46
929 275 1004 336 C.
1077 273 1402 335 CRISPI
1475 273 1989 335 SALLUSTII

396 474 614 514 eorum
649 455 992 515 traGtarent.
1094 452 1183 515 Hi
1224 451 1428 539 primo
1461 472 1702 537 coepere
1735 447 2086 536 peffumum
2117 472 2431 537 quemque
2464 465 2529 513 et

397 578 685 641 omnibus
718 576 978 640 invisum
1018 575 1449 640 indemnatum
1487 599 1727 669 necare.
1828 578 1918 638 Ea
1949 573 2215 664 populus
2248 574 2436 639 laetari
2466 592 2530 639 et

399 705 621 768 merito
654 702 859 767 dicere
895 700 1048 766 fieri.
1148 700 1313 781 Post,
1347 701 1455 765 ubi
1487 699 1809 790 paullatim
1834 699 2083 766 licentia
2114 704 2324 782 crevit,
2347 700 2530 791 juxta

399 830 594 894 bonos
639 846 701 894 et
748 828 943 894 malos
991 827 1334 894 lubidinose
1379 824 1750 906 interficere,
1795 843 2029 891 ceteros
2068 844 2239 892 metu
2284 845 2527 893 terrere.

400 961 496 1021 Ita
521 958 763 1036 civitas;
779 956 1063 1021 servitute
1095 955 1397 1046 oppreffa,
1420 953 1612 1019 stultae
1638 952 1855 1018 laetitiae
1881 956 2076 1042 gravis
2101 979 2311 1044 poenas
2337 955 2528 1020 dedit.

400 1088 467 1148 N
471 1082 628 1148 ostra
679 1083 1002 1164 memoria,
1054 1086 1247 1148 victor
1289 1081 1478 1162 Sulla,
1533 1105 1731 1171 quum
1777 1079 2228 1171 Damasippum
2278 1098 2341 1146 et
2383 1080 2532 1147 alios

398 1209 772 1300 hujusmodi,
802 1212 911 1299 qui
944 1208 1112 1275 malo
1145 1208 1494 1299 reipublicae
1528 1226 1866 1287 creverant,
1880 1207 2158 1297 jugulari
2177 1206 2374 1297 jussit,
2396 1210 2533 1297 quis

398 1361 526 1401 non
570 1334 804 1400 factum
854 1334 985 1425 ejus
1028 1334 1364 1400 laudabat?
1450 1336 1759 1400 Homines
1799 1334 2076 1400 scelestos
2124 1353 2188 1401 et
2232 1333 2532 1415 factiosos,

398 1463 508 1551 qui
555 1460 951 1526 seditionibus
995 1459 1447 1551 rempublicam
1498 1463 1976 1549 exagitaverant,
2021 1464 2244 1528 merito
2283 1479 2535 1528 necatos

397 1590 661 1654 aiebant.
780 1590 895 1654 Sed
931 1613 1003 1653 ea
1041 1613 1133 1652 res
1173 1612 1413 1676 magnae
1451 1589 1700 1653 initium
1738 1588 1928 1655 cladis
1971 1588 2107 1655 fuit.
2227 1594 2398 1655 Nam
2442 1591 2536 1654 uti

396 1714 654 1804 quisque
704 1714 969 1780 domum
1013 1731 1122 1779 aut
1169 1713 1401 1793 villam,
1448 1712 1765 1803 postremo
1808 1741 1909 1782 vas
1952 1734 2060 1782 aut
2100 1715 2537 1782 vestimentum

396 1842 654 1932 alicujus
699 1844 1164 1932 concupiverat,
1204 1841 1391 1906 dabat
1434 1866 1711 1930 operam,
1745 1860 1817 1908 ut
1859 1846 1907 1908 is
1947 1846 2011 1908 in
2055 1843 2537 1934 proscriptorum

396 1994 659 2035 numero
691 1969 856 2034 effet.
957 1973 1052 2033 Ita
1085 1967 1196 2048 illi,
1218 1967 1441 2057 quibus
1475 1967 1840 2059 Damasippi
1873 1994 2037 2035 mors
2062 1970 2281 2036 laetitiae
2316 1969 2536 2052 fuerat,

393 2094 530 2186 post
561 2095 773 2185 paullo
807 2092 921 2184 ipfi
946 2093 1347 2160 trahebantur
1376 2122 1391 2159 ε
1443 2119 1647 2184 neque
1680 2099 1846 2185 prius
1873 2094 2012 2162 finis
2033 2096 2370 2186 jugulandi
2395 2097 2537 2185 fuit,

396 2246 584 2311 quam
618 2220 787 2286 Sulla
819 2246 1034 2286 omnes
1067 2221 1202 2286 suos
1236 2222 1457 2286 divitiis
1483 2222 1772 2312 explevit.
1874 2228 2089 2313 Atque
2110 2249 2230 2312 ego
2256 2224 2387 2290 haec
2407 2251 2537 2292 non

398 2351 462 2413 in
496 2353 590 2414 M.
627 2348 865 2428 Tullio,
899 2374 1103 2439 neque
1142 2348 1234 2413 his
1274 2350 1657 2438 temporibus
1689 2375 1921 2416 vereor.
2039 2352 2158 2416 Sed
2201 2353 2266 2416 in
2311 2356 2538 2442 magna
2568 2362 2572 2366 ’

402 2477 645 2540 civitate
691 2475 890 2540 multa
932 2493 996 2540 et
1037 2478 1200 2540 varia
1243 2477 1495 2564 ingenia
1537 2476 1697 2546 sunt.
1817 2476 2024 2548 Potest
2065 2477 2188 2544 alio
2232 2495 2537 2571 tempore,

402 2601 524 2666 alio
559 2601 852 2682 Consule,
888 2605 991 2666 cui
1029 2604 1181 2667 item
1219 2604 1520 2667 exercitus
1566 2605 1631 2667 in
1671 2627 1862 2667 manu
1908 2600 2002 2682 fit,
2038 2601 2258 2667 falsum
2300 2603 2538 2695 aliquid

403 2754 516 2818 pro
563 2754 707 2794 vero
759 2730 947 2794 credi.
1071 2730 1197 2794 Ubi
1248 2728 1371 2794 hoc
1424 2728 1737 2819 exemp10,
1784 2754 1892 2820 per
1939 2732 2146 2795 Senati
2194 2731 2536 2815 decretum,

405 2855 639 2920 Consul
688 2856 968 2944 gladium
1020 2856 1321 2935 eduxerit,
1375 2859 1510 2945 quis
1561 2855 1651 2920 illi
1704 2853 1897 2920 finem
1950 2854 2193 2936 statuet,
2243 2876 2352 2923 aut
2402 2863 2538 2950 quis

406 2984 872 3048 moderabitur?
941 2983 1211 3073 Majores
1254 2982 1463 3063 nostri,
1500 2988 1708 3049 Patres
1752 2983 2102 3074 conscripti,
2139 3010 2343 3075 neque
2382 3012 2537 3054 con-

408 3107 523 3174 filii
575 3135 778 3198 neque
834 3110 1102 3175 audaciae
1150 3135 1454 3199 umquam
1506 3135 1770 3199 eguere:
1837 3135 2042 3199 neque
2090 3110 2207 3176 illis
2260 3112 2540 3203 superbia

410 3234 705 3315 obstabat,
751 3261 880 3324 quo
932 3239 1136 3301 minus
1190 3236 1390 3302 aliena
1438 3237 1732 3316 instituta,
1772 3234 1820 3300 fi
1866 3236 2059 3301 modo
2105 3237 2300 3326 proba
2340 3258 2536 3321 erant,

410 3363 814 3426 imitarentur.
915 3368 1110 3427 Arma
1143 3380 1329 3451 atque
1365 3361 1486 3427 tela
1510 3361 1797 3427 militaria
1819 3363 1896 3427 ab
1929 3364 2322 3444 SamnitibUS,
2348 3365 2539 3456 infig-

409 3489 512 3551 nia
543 3486 1006 3575 magistratuum
1048 3489 1125 3552 ab
1157 3488 1372 3553 Tuscis
1421 3488 1716 3578 pleraque
1755 3488 2176 3578 sumpserunt:
2228 3490 2538 3580 postremo

409 3614 579 3701 quod
613 3614 845 3702 ubique
879 3615 1046 3704 apud
1078 3615 1269 3681 socios
1302 3633 1411 3681 aut
1443 3615 1641 3681 hostes
1680 3616 1978 3680 idoneum
2012 3616 2357 3698 videbatur,
2389 3643 2535 3684 cum
