2722 4146
378 292 471 353 74
921 270 997 331 C.
1070 267 1398 330 CRISPI
1468 266 1982 329 SALLUSTII

373 469 465 509 res
516 443 598 509 ad
631 460 944 508 certamen
988 443 1178 520 venit,
1213 442 1406 504 vffius
1455 463 1533 503 ex
1577 438 1788 528 praelio
1833 438 2112 529 profugit
2152 442 2217 505 in
2258 443 2510 531 provin-

375 573 560 651 ciam,
598 595 670 635 ac
704 569 929 634 deinde
965 572 1243 633 Romam
1277 565 1621 645 contendit.
1704 567 1878 629 Tum
1902 564 2237 656 Jugurtha‚
2265 569 2512 656 patratis

372 694 659 776 confiliiS,
694 694 1024 785 postquam
1056 695 1231 758 omni
1267 691 1575 758 Numidia
1605 692 1978 780 potiebatur,
2011 697 2076 756 in
2110 695 2240 757 otio
2273 692 2512 759 facinus

371 823 549 887 suum
574 847 721 887 cum
746 824 958 887 animo
982 837 1295 910 reputanS,
1318 821 1535 884 timere
1562 817 1870 908 populum
1898 822 2284 900 Romanum,
2307 830 2511 910 neque

371 949 654 1015 adversus
712 952 868 1014 iram
918 948 1048 1038 ejus
1103 946 1387 1036 usquam,
1447 943 1562 1011 nifi
1624 947 1690 1009 in
1747 946 1996 1009 avaritia
2060 943 2395 1010 nobilitatis
2450 963 2515 1012 et

371 1079 638 1166 pecunia
667 1076 772 1142 sua
803 1076 975 1167 spem
1007 1074 1254 1141 habere.
1341 1077 1561 1162 Itaque
1595 1073 1807 1161 paucis
1834 1070 2049 1136 diebus
2075 1096 2222 1136 cum
2255 1090 2513 1160 argento

370 1223 433 1269 et
456 1229 608 1269 auro
629 1203 831 1270 multo
850 1203 1085 1292 legatos
1109 1207 1384 1267 Romam
1410 1202 1623 1279 mittit,
1647 1195 1783 1288 quis
1804 1200 2102 1288 praecipit,
2122 1201 2215 1264 uti
2239 1202 2514 1289 primum

370 1349 602 1397 veteres
636 1333 869 1397 amicos
902 1328 1262 1395 muneribus
1292 1326 1620 1418 expleant:
1672 1324 1899 1390 deinde
1925 1349 2117 1390 novos
2149 1326 2510 1414 acquirant:

370 1457 702 1548 postremo,
726 1481 1140 1546 quaecumque
1163 1454 1412 1546 poffint,
1434 1452 1766 1542 largiundo
1787 1475 2000 1540 parare
2022 1476 2101 1516 ne
2122 1456 2523 1517 cunctentur.-

371 1585 491 1650 Sed
522 1585 630 1650 ubi
663 1589 941 1651 Romam
971 1583 1162 1671 legati
1192 1607 1415 1648 venere
1438 1598 1501 1646 et
1531 1605 1610 1645 ex
1643 1596 1953 1669 praecepto
1984 1581 2141 1667 regis
2174 1578 2512 1669 hospitibus

369 1710 645 1800 aliisque,
682 1734 954 1799 quorum
987 1735 1060 1775 ea
1092 1707 1455 1799 tempestate
1499 1709 1564 1773 in
1609 1706 1820 1773 senatu
1852 1710 2177 1774 auctoritas
2212 1708 2511 1799 pollebat,

369 1863 599 1927 magna
661 1863 921 1903 munere
977 1837 1214 1917 misere,
1273 1853 1445 1902 tanta
1498 1838 1911 1901 commutatio
1966 1836 2228 1917 incessst,
2283 1840 2378 1903 uti
2433 1861 2511 1903 ex

369 1990 664 2030 maxuma
706 1964 937 2029 invidia
980 1966 1046 2028 in
1092 1967 1355 2052 gratiam
1396 1981 1461 2029 et
1506 1962 1782 2029 favorem
1826 1962 2162 2029 nobilitatis
2198 1963 2512 2055 Jugurtha

367 2095 622 2173 veniret,
682 2116 952 2181 quorum
998 2116 1134 2181 pars
1183 2090 1309 2181 spe,
1360 2091 1464 2157 alii
1513 2092 1768 2181 praemio
1811 2090 2070 2170 inducti,
2113 2089 2384 2179 fingulos
2433 2115 2512 2157 ex

368 2223 593 2283 Senatu
629 2217 971 2282 ambiundo
1003 2217 1381 2297 nitebantur,
1408 2241 1487 2282 ne
1522 2220 1762 2306 gravius
1788 2219 1852 2282 in
1887 2243 2034 2283 eum
2068 2218 2506 2285 consuleretur.

369 2345 587 2430 Igitur,
613 2343 721 2406 ubi
755 2340 943 2429 legati
975 2341 1109 2406 satis
1143 2339 1496 2422 confidunt,
1524 2343 1624 2407 die
1658 2344 2016 2426 constitut0,
2042 2350 2297 2411 Senatus
2329 2346 2509 2412 utris-
2565 2356 2570 2359 “

369 2494 492 2559 que
518 2471 718 2535 datur.
792 2471 966 2533 Tum
993 2468 1419 2534 Adherbalem
1445 2469 1568 2536 hoc
1593 2473 1787 2538 modo
1820 2472 2107 2538 locutum
2131 2475 2504 2565 accepimus.

1371 2725 1520 2777 XIV.

740 3102 1242 3188 procurationem
1275 3101 1711 3168 existumarem
1741 3127 1970 3182 meam,
2005 3119 2284 3167 ceterum
2305 3105 2410 3195 jus
2442 3121 2507 3170 et

370 3230 700 3315 imperium
728 3226 855 3316 ejus
882 3253 1068 3316 penes
1093 3253 1197 3292 vos
1223 3227 1342 3292 effe
1363 3255 1383 3307 3
1429 3226 1610 3293 fimul
1637 3231 1920 3308 eniterer,
1947 3228 2121 3294 domi
2145 3228 2503 3319 militiaeque

371 3377 561 3441 quam
606 3377 903 3417 maxumo
935 3353 1068 3418 usui
1106 3354 1225 3419 effe
1270 3355 1509 3445 populo
1545 3361 1879 3435 Roman03
1929 3380 2036 3420 vos
2075 3354 2235 3421 mihi
2266 3378 2505 3449 cognaf

371 3497 600 3557 torum,
635 3503 740 3542 vos
774 3478 1059 3544 affinium
1091 3480 1235 3546 loco
1269 3483 1565 3548 ducerem
1593 3511 1607 3547 ε
1663 3481 1710 3547 fi
1748 3485 1835 3547 ita
1873 3480 2170 3561 fecissem,
2203 3483 2269 3547 in
2306 3481 2526 3548 vostra,

370 3606 638 3669 amicitia
670 3607 1032 3685 exercitum,
1061 3606 1319 3687 divitias,
1354 3611 1744 3675 munimenta
1776 3611 1952 3697 regni
1983 3633 2086 3673 me
2119 3606 2495 3675 habiturum.
