2722 4146
1034 306 1551 370 CATILINA.
2261 331 2347 392 45

223 482 508 568 cognovi.
607 484 845 545 Verum
869 479 1167 545 sententia
1191 479 1320 570 ejus
1352 480 1509 546 mihi
1528 506 1658 546 non
1694 481 1957 548 crudelis
1984 483 2159 571 (quid
2184 486 2352 548 enim

222 609 287 671 in
320 605 452 672 talis
485 605 768 671 homines
801 605 1051 671 crudele
1083 604 1219 671 fieri
1258 606 1455 696 potest
1475 608 1524 695 ?)
1574 608 1676 673 sed
1718 608 1918 674 aliena
1960 634 1997 674 a
2034 609 2353 698 republica

223 731 426 797 nostra
456 732 715 797 videtur.
833 735 1005 796 Nam
1038 730 1316 820 profecto
1348 750 1456 798 aut
1487 751 1688 799 metus
1720 751 1828 800 aut
1858 734 2080 825 injuria
2112 752 2174 800 te
2208 735 2348 800 sub-

222 860 370 946 egit,
435 856 660 938 Silane,
725 856 1064 922 Consulem
1125 856 1537 947 designatum,
1602 885 1796 948 genus
1856 886 2052 950 poenae
2114 886 2350 926 novum

221 984 574 1054 decernere.
689 989 791 1050 De
838 986 1059 1049 timore
1108 986 1628 1073 supervacaneum
1675 985 1763 1050 est
1802 986 2106 1066 differere,
2154 1011 2353 1075 quum

220 1108 547 1198 praesertim
581 1108 902 1197 diligentia
926 1109 1255 1174 clarissumi
1279 1113 1390 1174 viri
1422 1111 1707 1176 Consulis
1733 1129 1904 1178 tanta
1930 1110 2204 1201 praefidia
2235 1111 2355 1178 fint

219 1238 284 1300 in
327 1238 526 1301 armiS.
625 1240 725 1301 De
765 1261 951 1325 poena
993 1235 1308 1324 poffumus
1348 1238 1644 1326 equidem
1683 1239 1887 1304 dicere
1928 1239 2015 1319 id,
2049 1240 2221 1328 quod
2260 1265 2354 1305 res

220 1359 446 1428 habet:
495 1363 562 1426 in
592 1361 764 1427 luctu
797 1379 984 1451 atque
1020 1363 1268 1427 miseriis
1307 1381 1573 1430 mortem
1605 1389 2019 1430 aerumnarum
2050 1368 2351 1454 requiem,

219 1511 348 1552 non
381 1489 725 1553 cruciatum
757 1488 917 1568 effe3
976 1514 1117 1555 eam
1147 1495 1371 1556 cuncta
1401 1490 1759 1556 mortalium
1798 1491 1962 1556 mala
1994 1490 2351 1573 diffolvere3

217 1612 379 1679 ultra
409 1639 614 1703 neque
648 1639 808 1679 curae
842 1639 1048 1704 neque
1092 1616 1322 1704 gaudio
1369 1615 1583 1683 locum
1614 1619 1753 1684 effe.
1876 1621 2017 1700 Sed,
2051 1645 2160 1710 per
2202 1621 2353 1686 deos

216 1740 622 1806 immortalis!
698 1741 1109 1830 quamobrem
1163 1745 1228 1807 in
1281 1742 1648 1809 sententiam
1703 1771 1833 1811 non
1896 1746 2204 1828 addidisti,
2261 1751 2354 1813 uti

215 1870 382 1958 prius
435 1867 784 1933 verberibus
849 1870 915 1932 in
971 1893 1077 1933 eos
1133 1868 1771 1937 animadverteretur?
1861 1877 1990 1953 An,
2050 1875 2197 1962 quia
2254 1873 2357 1938 lex
2416 1908 2418 1910 ·

219 1996 438 2059 Porcia
492 1994 702 2059 vetat?
769 2012 833 2060 at
880 1994 1008 2060 aliae
1061 1994 1227 2083 leges
1278 1997 1431 2061 item
1476 1998 1904 2064 condemnatis
1948 1999 2180 2064 civibus
2225 2024 2355 2064 non

218 2122 491 2186 animam
523 2122 699 2210 eripi,
726 2121 829 2187 sed
859 2121 1117 2187 exilium
1151 2125 1422 2212 permitti
1445 2122 1691 2212 jubent.
1788 2130 1916 2205 An,
1945 2127 2092 2214 quia
2115 2127 2356 2213 gravius

218 2245 305 2311 est
334 2222 659 2327 verberari,
695 2272 886 2335 quam
918 2249 1171 2314 necari?
1245 2250 1417 2341 Qid
1450 2267 1659 2315 autem
1699 2251 1992 2315 acerbum
2032 2268 2139 2316 aut
2171 2253 2355 2315 nimis

218 2397 400 2461 grave
439 2375 505 2437 in
548 2372 832 2452 homines
874 2376 1030 2439 tanti
1070 2373 1356 2440 facinoris
1395 2379 1751 2443 convictos?
1815 2380 1942 2457 Sin,
1977 2380 2123 2466 quia
2159 2376 2354 2442 levius

218 2499 352 2564 est?
434 2501 562 2590 Qi
601 2502 916 2579 convenit,
950 2502 1013 2564 in
1058 2502 1299 2564 minore
1332 2503 1588 2587 negotio
1631 2500 1837 2589 legem
1880 2504 2119 2582 timere,
2154 2526 2354 2591 quum

218 2651 359 2692 eam
389 2628 455 2690 in
487 2627 719 2718 majore
751 2625 1139 2713 neglexeris?
1222 2631 1313 2691 At
1344 2629 1513 2692 enim
1545 2630 1680 2716 quis
1712 2628 2146 2718 reprehendet,
2181 2631 2354 2719 quod

217 2755 284 2820 in
324 2752 651 2844 parricidas
695 2751 1044 2842 reipublicae
1085 2753 1406 2818 decretum
1448 2755 1614 2820 erit?
1695 2758 1998 2844 TempuS,
2034 2757 2184 2836 dies,
2224 2755 2353 2821 for-

218 2897 392 2959 tuna,
424 2879 598 2968 cujus
630 2878 848 2943 lubido
880 2877 1166 2966 gentibus
1198 2880 1572 2945 moderatur.
1685 2880 1812 2945 Illis
1842 2884 2065 2947 merito
2098 2883 2347 2962 accidit,

218 3008 520 3098 quicquid
569 3009 879 3072 evenerit:
946 3022 1224 3071 ceterum
1267 3031 1395 3086 VOS,
1441 3011 1647 3073 Patres
1695 3009 2047 3098 conscripti,
2091 3010 2244 3098 quid
2285 3012 2351 3074 in

219 3134 350 3200 aliis
389 3134 684 3214 statuatiS,
726 3132 1126 3200 considerate.
1250 3138 1483 3200 Omnia
1527 3134 1691 3200 mala
1732 3135 2018 3225 exempla
2057 3161 2133 3201 ex
2176 3136 2351 3201 bonis

221 3279 355 3328 orta
399 3262 581 3328 sunt:
648 3261 753 3327 sed
796 3262 902 3326 ubi
949 3263 1282 3351 imperium
1330 3263 1409 3327 ad
1457 3265 1700 3350 ignaros
1748 3280 1856 3328 aut
1901 3266 2105 3328 minus
2154 3263 2350 3328 bonos

221 3391 518 3478 pervenit,
574 3413 809 3453 novum
858 3386 1016 3452 illud
1066 3386 1427 3476 exemplum
1477 3390 1555 3454 ab
1606 3390 1807 3477 dignis
1863 3408 1926 3454 et
1979 3390 2215 3454 idoneis
2270 3390 2350 3454 ad

222 3516 508 3603 indignos
540 3532 604 3580 et
634 3540 763 3580 non
802 3515 1058 3579 idoneos
1100 3512 1475 3579 transfertur.
1593 3515 2068 3595 Lacedaemonii,
2103 3516 2349 3580 devietis

223 3639 723 3721 AtheniensibUS,
779 3643 1032 3729 triginta
1086 3642 1242 3705 viros
1306 3639 1670 3729 imposuere,
1727 3642 1838 3728 qui
1899 3640 2348 3730 rempublicam
