2722 4146
1019 299 1537 363 CATILINA.
2260 323 2339 384 25

1202 730 1374 782 XXX.

223 1255 451 1320 magna
500 1230 921 1310 multitudine,
973 1246 1116 1294 ante
1177 1229 1345 1294 diem
1396 1233 1512 1296 VI.
1566 1230 1879 1296 Kalendas
1937 1232 2343 1298 NovembreS.

222 1355 440 1436 Simul,
474 1356 538 1420 id
583 1356 755 1444 quod
793 1357 858 1419 in
907 1354 1016 1419 tali
1061 1378 1127 1419 re
1169 1353 1340 1434 solet,
1374 1354 1478 1419 alii
1516 1374 1803 1446 portenta
1842 1376 2029 1447 atque
2068 1360 2350 1448 prodigia

222 1481 646 1560 nunciabant3
697 1479 821 1559 alii,
848 1498 1187 1545 conventus
1220 1478 1376 1561 fieri,
1411 1507 1581 1548 arma
1612 1487 1865 1572 portari,
1899 1489 2130 1575 Capuae
2163 1503 2349 1575 atque

222 1609 287 1672 in
320 1605 553 1696 Apulia
584 1605 791 1672 servile
832 1606 1065 1671 bellum
1104 1610 1357 1674 moveri.
1474 1610 1673 1697 Igitur
1710 1612 1916 1675 Senati
1963 1611 2215 1675 decreto
2263 1617 2361 1702 Q

224 1735 496 1799 Marcius
530 1737 671 1798 Rex
704 1732 981 1813 FaesulaS,
1018 1738 1114 1823 Q
1136 1732 1428 1798 Metellus
1471 1737 1752 1800 Creticus
1796 1738 1859 1800 in
1892 1736 2192 1826 Apuliam
2230 1741 2348 1803 cir-

224 1883 496 1948 cumque
549 1883 622 1924 ea
675 1858 815 1924 loca
864 1859 1066 1925 miffi:
1133 1859 1200 1924 hi
1248 1863 1496 1950 utrique
1547 1862 1624 1926 ad
1675 1862 1894 1927 urbem
1946 1866 2350 1952 Imperatores

223 2003 419 2065 erant,
449 1986 753 2075 impediti,
787 2011 866 2050 ne
900 1987 1373 2077 triumpharent,
1402 1987 1713 2054 calumnia
1737 2013 2103 2079 paucorum,
2128 1991 2349 2079 quibus

224 2113 434 2176 omnia
489 2109 740 2177 honesta
801 2129 987 2200 atque
1049 2112 1372 2180 inhonesta
1427 2115 1694 2180 vendere
1755 2140 1890 2180 mos
1953 2133 2101 2181 erat.
2230 2117 2349 2182 Sed

224 2240 539 2316 Praetores,
574 2241 670 2325 Q
692 2240 1024 2327 Pompeius
1060 2238 1264 2304 Rufus
1296 2244 1604 2330 Capuam,
1635 2241 2038 2330 QMetellus
2070 2241 2254 2307 Celer
2283 2245 2349 2307 in

225 2387 445 2452 agrum
479 2366 826 2443 Picenum;
877 2363 1092 2454 hisque
1131 2367 1510 2456 permiffum,
1542 2371 1637 2433 uti
1679 2393 1793 2458 pro
1836 2385 2117 2458 tempore
2162 2386 2348 2459 atque

225 2488 503 2579 periculo
534 2493 875 2554 exercitum
908 2509 1380 2580 compararent3
1432 2493 1511 2557 ad
1543 2492 1690 2573 hoc,
1722 2491 1771 2557 fi
1802 2496 1937 2582 quis
1970 2495 2350 2561 indicaviffet

225 2616 305 2681 de
329 2615 777 2704 conjuratione,
799 2641 933 2705 quae
960 2635 1176 2682 contra
1198 2619 1648 2707 rempublicam
1672 2618 1830 2685 faeta
1853 2638 2001 2700 erat,
2027 2624 2350 2711 praemium

226 2742 551 2809 decrevere
584 2742 753 2807 servo
785 2743 1131 2809 libertatem
1162 2761 1226 2809 et
1257 2744 1520 2810 sestertia
1550 2762 1827 2825 centum,
1853 2745 2046 2810 libero
2075 2748 2349 2836 impuni-

227 2886 417 2934 tatem
460 2868 589 2958 ejus
633 2872 720 2934 rei
756 2885 820 2934 et
859 2869 1123 2935 sestertia
1162 2871 1471 2950 ducenta3
1538 2874 1815 2960 itemque
1861 2873 2207 2953 decrevere,
2255 2877 2348 2938 uti

227 2994 597 3083 gladiatoriae
630 2994 874 3061 familiae
907 3000 1191 3086 Capuam
1224 3013 1289 3060 et
1318 2998 1382 3060 in
1422 3013 1624 3061 cetera
1653 2998 1994 3087 municipia
2025 2996 2347 3063 distribue—

226 3138 437 3186 rentur
465 3147 579 3211 pro
611 3121 906 3211 cujusque
938 3123 1196 3212 opibus:
1250 3127 1468 3188 Romae
1502 3148 1611 3212 per
1654 3140 1848 3187 totam
1879 3124 2099 3190 urbem
2128 3124 2345 3213 vigiliae

227 3246 617 3329 haberentur,
651 3248 864 3338 hisque
896 3251 1162 3314 minores
1195 3247 1575 3337 magistratus
1607 3249 1940 3339 praeeffent.
