2722 4146
1028 285 1554 349 CATILINA.
2280 309 2360 368 19

229 461 461 527 tabulas
494 486 701 540 novaS,
728 459 1238 550 proscriptionem
1270 457 1706 548 locupletium,
1732 457 2139 546 magistratuS,
2164 458 2359 523 sacer—

228 589 419 666 dotia,
452 589 712 676 rapinaS,
747 585 866 650 alia
899 589 1130 665 omnia,
1165 610 1300 674 quae
1335 585 1570 650 bellum
1602 602 1789 674 atque
1820 584 2037 650 lubido
2061 587 2362 650 victorum

228 712 364 778 fert.
461 717 803 801 xPraeterea,
838 713 956 777 effe
989 715 1051 776 in
1089 711 1388 800 Hispania
1421 713 1699 775 citeriore
1733 710 2042 790 Pisonem,
2075 712 2139 775 in
2170 714 2361 775 Mau-

226 840 445 903 ritania
499 863 647 903 cum
709 840 981 902 exercitu
1045 841 1115 902 P.
1176 839 1423 902 Sittium
1488 839 1906 915 Nucerinum,
1969 834 2208 901 consilii
2271 836 2360 901 sui

227 967 590 1056 participes:
652 982 858 1054 petere
891 963 1278 1029 consulatum
1317 967 1396 1032 C.
1432 966 1807 1043 Antonium,
1838 988 2030 1052 quem
2072 962 2183 1028 fibi
2225 963 2359 1028 col-

230 1092 436 1180 legam
491 1091 623 1157 fore
680 1091 963 1180 speraret,
1018 1090 1343 1155 hominem
1398 1107 1461 1154 et
1509 1088 1897 1169 familiarem,
1954 1108 2017 1154 et
2073 1092 2360 1156 omnibus

229 1217 776 1284 necessitudinibus
808 1219 1342 1282 circumventum:
1394 1241 1542 1281 cum
1562 1240 1637 1280 eo
1669 1215 1727 1280 se
1748 1215 2088 1281 Consulem
2112 1219 2359 1284 initium

227 1345 454 1434 agendi
485 1343 810 1409 facturum.
908 1343 1015 1408 Ad
1047 1341 1171 1408 hoc
1204 1341 1542 1408 maledictis
1572 1345 1852 1433 increpat
1884 1347 2084 1409 omnis
2117 1346 2313 1411 bonos
2341 1375 2357 1411 ε

227 1470 476 1536 suorum
507 1494 1023 1559 unumquemque
1056 1472 1384 1535 nominans
1415 1468 1706 1561 laudare3
1741 1471 2140 1537 admonebat
2169 1472 2362 1538 alium

228 1595 528 1685 egestatiS,
561 1594 754 1661 alium
786 1596 1137 1686 cupiditatis
1171 1596 1308 1676 suae,
1343 1595 1694 1686 complures
1738 1597 2000 1687 periculi
2038 1616 2147 1663 aut
2178 1601 2361 1687 igno-

227 1725 454 1802 miniae,
511 1720 739 1788 multos
794 1725 1054 1789 victoriae
1111 1722 1395 1803 Sullanae,
1451 1723 1673 1812 quibus
1726 1749 1799 1788 ea
1861 1725 2078 1814 praedae
2145 1724 2361 1790 fuerat.

229 1849 568 1939 Postquam
600 1852 888 1915 omnium
922 1852 1160 1915 animos
1193 1850 1406 1916 alacris
1437 1851 1607 1915 videt
1624 1877 1644 1930 3
1696 1848 2074 1932 cohortatu8,
2099 1869 2171 1916 ut
2202 1855 2362 1942 peti-

229 1979 467 2042 tionem
500 1979 671 2042 suam
704 2002 862 2042 curae
897 1975 1216 2057 haberent,
1249 1995 1630 2043 conventum
1663 1974 1907 2042 dimifit.

1208 2234 1390 2287 XXII.

270 2362 360 2369 --
404 2362 524 2376 Α...

335 2394 523 2502 &333
396 2376 532 2476 Ἃ
554 2359 792 2419 UERE
827 2381 899 2421 ea
931 2356 1315 2446 tempestate,
1349 2359 1458 2446 qui
1499 2358 1796 2438 dicerent,
1832 2357 2192 2438 Catilinam,
2227 2384 2365 2423 ora-

246 2487 407 2637 {lm
397 2514 539 2655 Q
600 2483 767 2545 tione
839 2481 1069 2564 habita,
1135 2510 1332 2573 quum
1396 2485 1476 2549 ad
1536 2484 1973 2576 jusjurandum
2037 2484 2364 2575 populares

269 2557 379 2655 ις
597 2607 834 2673 sceleris
879 2609 968 2674 sui
1016 2612 1310 2699 adigeret,
1355 2610 1615 2676 humani
1659 2614 1930 2701 corporis
1979 2612 2363 2700 sanguinem,

231 2731 376 2794 vino
425 2734 822 2820 permixtum,
872 2737 936 2798 in
979 2739 1200 2825 pateris
1246 2736 1681 2803 circumtulisse
1702 2765 1723 2817 3
1793 2739 1939 2803 inde
1988 2763 2187 2827 quum
2231 2738 2366 2827 post

231 2855 711 2923 exsecrationem
778 2885 992 2925 omnes
1049 2863 1539 2951 degustaviffent,
1601 2862 1777 2929 ficuti
1841 2867 1906 2929 in
1970 2863 2364 2930 sollemnibus

159 3028 167 3033 -
232 2981 406 3048 sacris
455 2982 591 3050 fieri
641 2987 975 3067 consuevit,
1030 2991 1324 3077 aperuisse
1381 2989 1708 3056 confilium
1758 2991 1976 3071 suum3
2049 3009 2236 3080 atque
2287 3017 2365 3057 eo

234 3110 508 3177 diffitare
543 3111 770 3193 feciffe,
805 3139 934 3203 quo
967 3117 1125 3180 inter
1165 3116 1221 3181 se
1255 3120 1449 3205 magis
1482 3115 1596 3182 fidi
1629 3116 1855 3198 forent,
1890 3117 2042 3182 alius
2074 3118 2177 3183 alii
2209 3122 2364 3184 tanti

232 3233 517 3302 facinoris
557 3240 805 3304 conscii.
906 3242 1219 3306 Nonnulli
1262 3241 1406 3308 ficta
1443 3261 1506 3308 et
1548 3243 1702 3324 haec,
1736 3263 1800 3309 et
1837 3244 2034 3310 multa
2075 3262 2363 3334 praeterea

233 3362 679 3431 existumabant
710 3368 786 3431 ab
818 3366 933 3447 his,
969 3371 1077 3457 qui
1111 3372 1429 3434 Ciceronis
1467 3374 1784 3452 invidiam,
1820 3399 1955 3462 quae
1989 3373 2196 3462 postea
2230 3390 2363 3438 orta

232 3488 340 3569 est,
395 3490 572 3556 leniri
628 3494 965 3559 credebant
1017 3500 1336 3563 atrocitate
1401 3499 1635 3564 sceleris
1691 3526 1929 3581 eorum,
1987 3504 2096 3590 qui
2151 3527 2360 3590 poenas

233 3615 550 3687 dederant.
628 3619 829 3683 Nobis
857 3645 929 3685 ea
952 3646 1044 3686 res
1076 3647 1191 3711 pro
1214 3627 1642 3712 magnitudine
1668 3652 1889 3716 parum
1914 3645 2231 3717 comperta
2252 3627 2356 3692 est.
