2722 4146
662 310 1066 372 BELLUM
1137 310 1923 398 JUGURTHINUM.
2282 316 2367 397 89

242 485 535 566 accedat3
584 485 768 576 seque
801 486 881 552 ad
912 511 1059 552 eum
1088 485 1167 552 ab
1199 485 1410 552 senatu
1449 484 1710 554 missbs,”
1806 485 1922 552 Ille
1955 486 2063 552 ubi
2106 491 2367 578 accepit,

239 613 523 679 homines
553 613 770 694 clarOS,
803 639 1073 703 quorum
1115 615 1543 679 auctoritatem
1581 618 1802 679 Romae
1845 613 2078 703 pollere
2116 615 2370 680 audive-

239 756 355 820 rat,
388 757 604 805 contra
642 742 964 830 inceptum
1006 739 1185 805 suum
1215 740 1479 805 veniss'e:
1537 742 1741 830 primo
1786 757 2162 821 commotus,
2196 758 2368 807 metu

239 883 426 956 atque
458 866 736 931 lubidine
770 867 1038 932 diversus
1070 867 1432 954 agitabatur.
1528 866 1824 931 Timebat
1854 868 2008 932 iram
2041 870 2267 948 Senati,
2302 870 2369 932 ni

239 993 530 1082 paruiffet
561 993 814 1080 legatis:
874 1017 1060 1082 porro
1092 994 1332 1057 animus
1363 992 1657 1081 cupidine
1689 1017 1883 1056 caecus
1926 992 2007 1057 ad
2046 994 2368 1082 inceptum

239 1118 432 1185 scelus
489 1120 855 1208 rapiebatur.
971 1120 1142 1184 Vicit
1195 1135 1406 1183 tamen
1458 1120 1524 1183 in
1574 1118 1755 1183 avido
1806 1120 2057 1207 ingenio
2107 1144 2368 1209 pravum

240 1244 590 1314 confilium.
698 1247 917 1334 Igitur,
961 1247 1236 1310 exercitu
1280 1245 1690 1325 circumdatO,
1739 1245 1978 1310 summa
2020 1247 2085 1310 vi
2128 1248 2367 1311 Cirtam

235 1373 574 1461 irrumpere
616 1372 852 1451 nititur,
895 1395 1188 1437 maxume
1236 1371 1499 1461 speranS,
1544 1371 1795 1436 diducta
1835 1395 2028 1436 manu
2071 1369 2366 1451 hostium,

238 1515 347 1564 aut
373 1499 436 1563 vi
466 1514 576 1563 aut
607 1496 766 1562 dolis
810 1496 927 1562 sese
966 1498 1173 1563 casum
1204 1501 1466 1563 vistoriae
1510 1500 1926 1562 inventurum.
2026 1499 2220 1587 Qod
2261 1499 2371 1564 ubi

233 1625 403 1691 secus
453 1623 756 1714 procedit,
800 1648 1029 1713 neque,
1076 1625 1250 1713 quod
1292 1623 1664 1703 intenderat,
1714 1622 1959 1688 efficere
2009 1623 2229 1713 potest,
2275 1627 2370 1690 uti

234 1752 424 1840 prius,
474 1774 667 1839 quam
721 1747 956 1837 legatos
1010 1751 1390 1829 conveniret,
1443 1748 1811 1815 Adherbalis
1869 1752 2172 1840 potiretur
2190 1778 2211 1831 ;
2288 1777 2369 1817 ne

234 1875 498 1966 amplius
544 1877 849 1942 morando
897 1881 1220 1956 Scaurum,
1265 1900 1455 1965 quem
1498 1875 1841 1966 plurimum
1884 1878 2225 1957 metuebat,
2270 1880 2370 1943 in—

236 2004 550 2084 cenderet,
597 2029 745 2069 cum
794 2006 1005 2094 paucis
1053 2003 1363 2092 equitibus
1418 2005 1482 2069 in
1535 2006 1916 2093 provinciam
1963 2007 2153 2075 venit.
2269 2011 2371 2072 Ac

236 2129 479 2196 tametsi
529 2133 735 2195 Senati
785 2131 980 2195 verbis
1032 2154 1240 2218 graves
1290 2132 1471 2195 minae
1527 2133 2003 2213 nunciabantur,
2062 2126 2236 2222 quod
2291 2134 2368 2199 ab

239 2259 708 2347 oppugnatione
764 2282 894 2321 non
945 2255 1254 2322 desisteret
1273 2283 1294 2336 3
1365 2256 1561 2323 multa
1615 2276 1825 2324 tamen
1881 2262 2157 2326 oratione
2213 2286 2368 2326 con-

236 2381 501 2473 sumpta,
534 2382 751 2448 frustra
781 2382 968 2471 legati
1001 2383 1332 2450 discessere.

1197 2640 1400 2691 XXVI.

267 2768 358 2776 Α·
403 2770 512 2784 *⁴⁶—

394 2785 529 2881 vN
554 2766 614 2826 A
646 2760 979 2851 postquam
1012 2764 1197 2827 Cirtae
1236 2763 1446 2828 audita
1487 2761 1645 2842 sunt,
1681 2762 1902 2843 Italici,
1942 2787 2211 2852 quorum
2243 2766 2366 2828 vir-

532 2971 536 2972 ,
599 2906 731 2954 tute
763 2891 995 2954 moenia
1026 2888 1520 2969 defensabantur,
1556 2886 1797 2968 confifi,
1832 2888 2149 2954 deditione
2182 2888 2364 2974 facta,

336 3046 361 3057 ’
403 3047 446 3065 ν·
532 3053 535 3054 ⁷
593 3033 845 3105 propter
891 3017 1391 3103 magnitudinem
1449 3016 1668 3105 populi
1717 3019 1991 3081 Romani
2041 3016 2364 3082 inviolatos

235 3138 354 3205 sese
387 3138 542 3220 fore,
576 3140 921 3206 Adherbali
953 3141 1230 3222 suadent,
1262 3146 1354 3207 uti
1385 3142 1567 3232 seque
1601 3161 1664 3207 et
1706 3143 2009 3232 oppidum
2041 3142 2364 3235 Jugurthae

234 3266 473 3347 tradat3
531 3284 778 3333 tantum
815 3269 893 3333 ab
941 3293 1018 3332 eo
1060 3270 1250 3333 vitam
1297 3268 1635 3357 paciscatur
1653 3295 1674 3348 3
1734 3268 1812 3332 de
1857 3270 2072 3333 ceteris
2115 3272 2366 3334 Senatui

234 3416 393 3457 curae
442 3391 597 3462 fore.
713 3400 804 3460 At
850 3394 977 3476 ille,
1028 3393 1270 3460 tametfi
1316 3398 1527 3460 omnia
1574 3397 1815 3484 potiora
1865 3392 1991 3459 fide
2038 3393 2362 3486 Jugurthae

233 3519 498 3600 rebatur,
530 3537 762 3602 tamen,
803 3525 950 3612 quia
993 3547 1181 3612 penes
1223 3522 1494 3602 eosdem,
1539 3520 1587 3586 fi
1629 3522 2061 3602 adversaretur,
2095 3522 2362 3610 cogendi

235 3644 494 3733 potestas
549 3665 701 3728 erat,
751 3650 858 3729 ita,
914 3651 1008 3714 uti
1062 3649 1422 3715 censuerant
1477 3648 1699 3729 Italici,
1751 3648 2136 3714 deditionem
2191 3647 2358 3714 facit.

1296 3800 1338 3839 N
