2722 4146
644 312 1039 375 BELLUM
1100 312 1894 401 JUGURTHINUM.
2248 316 2330 394 87

213 491 513 577 arrigere:
588 485 826 576 prorsus
881 488 1153 550 intentus
1211 490 1434 549 cuneta
1480 510 1709 574 parare.
1835 483 2178 565 Adherbal,
2227 485 2335 550 ubi

211 614 536 703 intellegit,
570 616 770 679 omnis
803 613 933 678 suas
973 611 1247 677 fortunas
1279 613 1346 675 in
1378 627 1656 676 extremo
1696 609 1855 691 fitaS,
1889 610 2130 677 hostem
2173 610 2335 676 infe-

211 741 394 821 stum,
449 740 660 806 auxilii
721 740 892 829 spem
953 736 1214 817 nullam,
1280 739 1539 827 penuria
1591 761 1799 801 rerum
1863 737 2336 802 necessariarum

213 867 448 934 bellum
481 866 639 932 trahi
671 891 800 931 non
832 865 1042 955 poffe3
1094 888 1172 928 ex
1203 861 1318 942 his,
1346 865 1455 951 qui
1490 887 1614 927 una
1638 865 1878 928 Cirtam
1911 861 2334 952 profugerant,

213 995 370 1060 duos
419 1018 710 1059 maxume
764 994 1058 1082 impigros
1114 988 1366 1077 delegit,
1423 1014 1526 1053 eos
1588 988 1788 1054 multa
1850 989 2209 1079 pollicendo
2263 1015 2336 1055 ac

214 1119 557 1186 miserando
582 1119 788 1185 casum
819 1118 997 1182 suum
1022 1113 1374 1196 confirmat,
1400 1117 1492 1180 uti
1524 1139 1635 1204 per
1661 1114 1930 1180 hostium
1962 1119 2337 1181 munitiones

214 1250 402 1311 noetu
434 1245 514 1311 ad
546 1268 925 1334 proxumum
957 1267 1146 1324 mare,
1179 1243 1324 1308 dein
1359 1246 1632 1307 Romam
1667 1260 2011 1331 pergerent.

1172 1497 1374 1549 XXIV.

425 1623 851 1757 ΞξὶῙΜΙΙἩῙΕ
895 1621 1108 1709 paucis
1149 1619 1364 1684 diebus
1401 1618 1564 1708 juffa
1599 1618 1922 1698 efficiunt3
1982 1617 2166 1683 literae
2201 1619 2338 1683 Ad-

578 1744 839 1811 herbalis
877 1747 943 1809 in
980 1748 1210 1811 Senatu
1248 1746 1536 1824 recitatae,
1571 1769 1838 1834 quarum
1880 1744 2178 1810 sententia
2211 1745 2342 1811 haec

389 1828 480 1919 ’ᾖ
580 1871 735 1938 fuit:

307 2010 348 2042 “
384 2004 541 2065 Non
604 2023 743 2063 mea
800 1996 985 2088 culpa
1049 1997 1202 2089 saepe
1268 1999 1348 2065 ad
1404 2024 1511 2064 vos
1566 2017 1810 2065 oratum
1873 2003 2079 2080 mitt0,
2138 2003 2343 2065 Patres

214 2126 582 2216 conscripti3
634 2124 736 2189 sed
767 2126 852 2189 vis
884 2125 1208 2215 Jugurthae
1253 2125 1498 2213 subigit,
1534 2152 1724 2216 quem
1773 2143 1943 2192 tanta
1986 2126 2204 2191 lubido
2236 2151 2344 2191 ex-

214 2252 564 2342 stinguendi
606 2276 706 2316 me
753 2248 989 2330 invafit,
1021 2253 1114 2315 uti
1158 2276 1361 2340 neque
1394 2278 1498 2317 vos
1544 2277 1748 2342 neque
1793 2253 1940 2318 deos
1982 2253 2344 2318 immortalis

213 2382 280 2445 in
329 2381 540 2445 animo
591 2377 813 2443 habeat
833 2404 853 2457 3
916 2377 1277 2465 sanguinem
1328 2402 1563 2457 meum,
1619 2403 1810 2467 quam
1862 2381 2094 2458 omnia,
2147 2378 2340 2443 malit·

217 2511 436 2596 Itaque
458 2508 749 2595 quintum
762 2503 897 2594 jam
920 2503 1213 2584 mensem,
1236 2503 1430 2568 socius
1453 2521 1515 2568 et
1538 2506 1772 2569 amicus
1798 2504 2020 2594 populi
2046 2509 2344 2586 Romani,

216 2637 396 2700 armis
430 2633 689 2699 obseffus
723 2649 937 2696 teneor
964 2659 980 2696 ε
1034 2655 1240 2720 neque
1274 2630 1429 2696 mihi
1462 2632 1736 2722 Micipsae
1781 2636 1965 2722 patris
2000 2636 2123 2699 mei
2155 2634 2347 2700 bene-

215 2759 360 2827 ficia
401 2785 606 2850 neque
638 2757 835 2824 vostra
867 2760 1111 2824 decreta
1153 2757 1567 2823 auxiliantur:
1625 2758 1789 2823 ferro
1822 2784 1902 2824 an
1943 2757 2108 2824 fame
2152 2763 2347 2825 acrius

215 2911 455 2976 urgear,
481 2889 748 2952 incertus
780 2885 931 2950 sum.
1018 2883 1204 2950 Plura
1236 2885 1314 2949 de
1347 2884 1660 2977 Jugurtha
1692 2884 1950 2950 scribere
1986 2885 2350 2952 dehortatur

217 3039 319 3079 me
368 3012 617 3078 fortuna
663 3038 840 3078 mea:
897 3029 960 3077 et
995 3011 1132 3100 jam
1176 3030 1358 3077 antea
1399 3029 1682 3101 expertus
1725 3012 1881 3092 sum,
1931 3037 2152 3102 parum
2200 3012 2350 3079 fidei

217 3137 443 3204 miseris
475 3138 631 3203 effe:
684 3135 798 3202 nifi
830 3153 1036 3202 tamen
1069 3137 1390 3227 intellego,
1423 3138 1603 3203 illum
1629 3139 1808 3228 supra
1840 3163 2032 3228 quam
2064 3164 2183 3228 ego
2215 3140 2350 3206 sum

218 3282 450 3355 petere,
501 3289 706 3354 neque
756 3261 937 3328 fimul
993 3266 1330 3330 amicitiam
1381 3264 1646 3330 vostram
1698 3283 1760 3330 et
1815 3291 2080 3354 regnum
2138 3292 2352 3332 meum

218 3390 472 3481 sperare.
595 3395 824 3456 Utrum
879 3394 1116 3479 gravius
1171 3390 1518 3471 existumet,
1570 3394 1807 3457 nemini
1863 3392 2187 3459 occultum
2242 3393 2347 3459 est.

221 3522 395 3584 Nam
417 3520 594 3584 initio
619 3519 849 3584 occidit
872 3517 1302 3608 Hiempsalem
1325 3516 1577 3583 fratrem
1602 3543 1855 3584 meum:
1903 3520 2130 3585 deinde
2150 3523 2350 3610 patrio

220 3668 414 3732 regno
458 3669 557 3710 me
589 3644 845 3735 expulit.
943 3649 1097 3735 Qae
1140 3644 1280 3710 sane
1325 3642 1558 3710 fuerint
1599 3644 1816 3711 nostrae
1857 3644 2134 3734 injuriae3
2194 3645 2352 3711 nihil
