2722 4146
424 273 509 333 80
858 321 862 326 .
949 270 1023 331 C.
1097 268 1416 331 CRISPI
1489 264 2003 331 SALLUSTII

1403 567 1568 639 XVI..

746 694 932 756 ICIT
965 708 1175 755 tamen
1218 691 1284 754 in
1324 695 1551 756 Senatu
1597 716 1733 781 pars
1776 690 1902 771 illa,
1937 716 2072 780 quae
2105 717 2250 759 vero
2284 697 2552 783 pretium

418 682 743 1002 Q
791 820 899 883 au't
929 820 1193 906 gratiam
1225 815 1625 883 anteferebat.
1711 821 2056 883 Decretum
2087 816 2182 899 fit,
2207 822 2302 884 uti
2332 820 2555 886 decem
2617 803 2619 805 .

790 943 979 1033 legati
1040 969 1328 1033 regnum,
1393 943 1566 1032 quod
1629 944 1891 1034 Micipsa
1954 944 2330 1027 obtinuerat,
2395 948 2557 1012 inter

417 1070 798 1163 Jugurtham
862 1089 927 1137 et
988 1069 1414 1137 Adherbalem
1480 1070 1841 1136 dividerent.
1972 1071 2168 1161 Cujus
2232 1071 2556 1161 legationis

418 1201 703 1289 princeps
759 1196 878 1264 fuit
930 1203 1000 1264 L.
1055 1200 1367 1288 Opimius,
1417 1195 1612 1261 homo
1657 1196 1855 1262 clarus
1904 1215 1968 1262 et
2019 1215 2155 1264 tum
2207 1200 2272 1263 in
2329 1203 2557 1264 Senatu

417 1343 681 1415 potens3
732 1328 880 1414 quia
913 1326 1148 1406 consul,
1186 1330 1263 1391 C.
1299 1323 1591 1389 Graccho
1623 1342 1687 1389 et
1717 1328 1810 1389 M.
1849 1324 2070 1390 Fulvio
2105 1324 2333 1390 Flacco
2364 1327 2557 1391 inter-

419 1452 611 1533 fenis,
659 1478 978 1519 acerrume
1019 1456 1334 1519 victoriam
1390 1451 1725 1517 nobilitatis
1773 1454 1838 1516 in
1884 1450 2133 1541 plebem
2176 1470 2553 1518 exercuerat.

420 1584 586 1644 Eum
634 1578 948 1671 Jugurtha
996 1577 1238 1644 tametfi
1288 1584 1509 1644 Romae
1553 1580 1619 1643 in
1664 1580 1931 1643 inimicis
1979 1577 2301 1660 habuerat,
2347 1596 2558 1645 tamen

418 1704 864 1770 accuratiffime
890 1707 1171 1794 accepit3
1223 1704 1433 1769 dando
1455 1721 1518 1768 et
1541 1702 1904 1793 pollicendo
1926 1704 2125 1771 multa
2158 1691 2439 1795 perfecit,
2464 1708 2560 1772 uti

419 1834 618 1915 famae,
663 1832 835 1915 fidei,
881 1833 1191 1924 postremo
1235 1833 1524 1898 omnibus
1566 1831 1683 1896 suis
1725 1830 1905 1896 rebus
1946 1831 2359 1895 commodum
2401 1834 2568 1920 regis-

419 1961 768 2027 anteferret.
870 1961 1173 2050 Reliquos
1217 1959 1452 2048 legatos
1485 1958 1707 2023 eadem
1739 1959 1837 2022 via
1869 1957 2201 2045 aggrefl'uS,
2234 1955 2569 2047 plerosque

418 2092 622 2179 capit:
674 2091 885 2179 paucis
917 2091 1115 2154 carior
1147 2085 1326 2166 fides,
1361 2110 1552 2175 quarn
1583 2085 1872 2175 pecunia,
1899 2081 2037 2148 fuit.
2125 2086 2203 2147 In
2235 2081 2560 2165 divisione,

417 2243 553 2307 quae
587 2242 723 2306 pars
769 2221 837 2280 N
841 2216 1088 2280 umidiae
1138 2215 1582 2280 Mauritaniam
1628 2212 1898 2298 attingit,
1932 2234 2083 2298 agro
2115 2209 2374 2300 virisque
2405 2235 2564 2301 opu-

418 2344 667 2425 lentior,
701 2342 1027 2436 Jugurthae
1077 2342 1377 2407 traditur:
1436 2338 1609 2404 illam
1650 2337 1930 2417 alteram,
1971 2336 2170 2427 specie
2215 2347 2419 2426 quam
2448 2337 2564 2403 usu

420 2475 752 2563 potiorem,
798 2496 933 2560 quae
987 2467 1335 2560 portuofior
1383 2484 1447 2533 et
1496 2463 1770 2531 aedificiis
1822 2466 2017 2552 magis
2068 2482 2363 2531 exornata
2410 2482 2574 2546 erat,-

423 2594 742 2661 Adherbal
775 2593 1056 2684 poffedit.

1406 2849 1588 2902 XVII.

720 3116 730 3122 ”
794 3118 858 3164 et
889 3125 987 3164 eas
1018 3118 1256 3188 genteS,
1282 3100 1655 3189 quibuscum
1686 3097 1862 3162 nobis
1897 3095 2132 3161 bellum
2156 3114 2264 3161 aut
2294 3097 2577 3168 amicitia:

795 3224 936 3306 fuit,
957 3229 1278 3314 attingere.
1337 3227 1456 3292 Sed
1478 3252 1612 3316 quae
1639 3225 1779 3290 loca
1798 3241 1861 3288 et
1886 3225 2164 3288 nationes
2192 3223 2274 3288 ob
2295 3221 2567 3288 calorem

429 3364 537 3410 aut
569 3346 975 3435 asperitatem,
1012 3351 1162 3414 item
1209 3349 1589 3431 solitudines,
1626 3353 1830 3415 minus
1863 3349 2252 3438 frequentata
2293 3348 2454 3429 sunt,
2487 3349 2566 3415 de

430 3475 498 3537 iis
531 3472 700 3537 haud
740 3472 919 3539 facile
954 3493 1347 3564 compertum
1394 3479 1803 3543 narraverim:
1856 3493 2060 3540 cetera
2091 3499 2282 3564 quam
2326 3473 2567 3564 paucis-

430 3600 611 3665 sumis
656 3599 982 3666 absolvam.
1095 3606 1170 3666 In
1214 3601 1508 3668 divisione
1551 3603 1714 3669 orbis
1759 3621 1927 3668 terrae
1962 3601 2242 3692 plerique
2286 3603 2352 3666 in
2395 3617 2566 3691 parte
