2722 4146
410 277 496 338 66
947 275 1022 336 C.
1095 271 1429 335 CRISPI
1502 270 2028 334 SALLUSTII

409 466 539 513 tem
560 447 836 513 accendi.
919 446 1165 510 Scilicet
1188 470 1318 509 non
1344 468 1549 509 ceram
1576 441 1750 507 illam
1775 468 1978 533 neque
2004 442 2272 533 figuram
2298 461 2535 511 tantam

410 579 535 641 vim
568 578 633 639 in
667 573 783 639 sese
816 572 1040 638 habere
1065 599 1085 652 3
1137 571 1240 636 sed
1271 572 1814 648 memorialrerum
1851 570 2158 659 gestarum
2190 597 2329 637 eam
2362 569 2540 637 flam-

408 726 580 767 mam
623 701 881 787 egregiis
928 700 1066 763 viris
1114 699 1180 762 in
1230 703 1475 785 petitore
1524 695 1814 777 crescere,
1856 721 2061 786 neque
2110 699 2275 788 prius
2324 697 2539 778 sedari,

410 852 601 916 quam
630 829 819 891 virtus
863 850 1082 890 eorum
1131 823 1365 890 famam
1409 841 1597 913 atque
1630 822 1895 911 gloriam
1927 824 2354 913 adaequaverit.
2452 830 2544 890 At

408 970 645 1033 contra,
679 955 815 1042 quis
848 952 934 1017 est
965 954 1274 1032 omnium,
1306 951 1399 1016 his
1431 951 1727 1033 moribuS,
1763 954 1917 1040 quin
1938 951 2159 1016 divitiis
2189 967 2252 1016 et
2283 950 2543 1040 sumpti-

409 1082 542 1160 bus,
575 1106 706 1145 non
738 1080 1044 1171 probitate
1092 1105 1298 1170 neque
1338 1078 1655 1160 industria,
1690 1103 1840 1144 cum
1872 1077 2205 1168 majoribus
2236 1077 2353 1143 suis
2385 1103 2542 1144 con-

408 1208 672 1273 tendat?
745 1210 952 1272 Etiam
985 1208 1274 1272 homines
1320 1209 1489 1287 novi,
1527 1209 1637 1296 qui
1668 1222 1852 1271 antea
1898 1229 2009 1295 per
2041 1207 2334 1270 virtutem
2384 1203 2543 1270 soliti

406 1352 581 1399 erant
610 1333 1002 1399 nobilitatem
1041 1335 1418 1413 antevenire,
1453 1331 1670 1398 furtim
1713 1349 1776 1397 et
1807 1357 1917 1422 per
1951 1331 2275 1397 latrocinia
2313 1334 2541 1421 potiuS,

406 1487 597 1551 quam
630 1462 806 1526 bonis
840 1462 1090 1541 artibUS,
1114 1462 1193 1526 ad
1225 1450 1573 1552 imperiaket
1604 1460 1871 1525 honores
1897 1461 2224 1539 nituntur3
2277 1458 2541 1549 proinde

405 1587 578 1678 quasi
607 1606 868 1678 praetura
900 1605 964 1653 et
983 1587 1334 1654 consulatus
1359 1604 1546 1677 atque
1578 1587 1697 1653 alia
1729 1589 1942 1652 omnia
1968 1585 2400 1675 hujuscemodi
2432 1610 2543 1675 per

404 1716 462 1781 se
494 1716 620 1806 ipsa
645 1716 809 1781 clara
840 1733 904 1780 et
934 1713 1272 1803 magnifica
1303 1713 1466 1795 fint3
1518 1740 1591 1780 ac
1623 1740 1753 1779 non
1779 1714 2036 1803 perinde
2071 1712 2437 1794 habeantur,
2469 1729 2542 1778 ut

405 1869 647 1923 eorum,
682 1845 791 1932 qui
824 1868 897 1907 ea
928 1841 1243 1922 sustinent,
1280 1844 1473 1907 virtus
1519 1841 1624 1907 est.
1723 1845 1965 1906 Verum
2010 1864 2129 1928 ego
2162 1839 2412 1904 liberius
2443 1830 2541 1905 al-

405 1970 646 2059 tiusque
696 1969 978 2059 procelli,
1028 1969 1183 2034 dum
1228 1994 1329 2034 me
1379 1971 1638 2035 civitatis
1690 1993 1941 2034 morum
1985 1969 2157 2058 piget
2198 1966 2530 2056 taedetque.

409 2103 607 2163 Nunc
641 2098 721 2163 ad
753 2099 1076 2187 inceptum
1111 2096 1326 2166 redeo-

1441 2351 1508 2404 V.

421 2482 433 2491 ”
500 2475 1030 2628 ῷῖξΕΕΕΠΜ
1087 2475 1416 2565 scripturus
1472 2475 1627 2555 sum,
1675 2473 1848 2564 quod
1898 2471 2168 2563 populus
2214 2476 2538 2538 Romanus

459 2573 719 2753 ᾗῇ
770 2627 917 2666 cum
950 2602 1285 2693 Jugurtha‚
1311 2627 1455 2691 rege
1491 2601 1940 2680 Numidarum,
1967 2599 2185 2688 gessit:
2237 2602 2534 2690 primum,

432 2694 712 2787 ωηεν
770 2731 917 2817 quia
946 2753 1251 2817 magnum
1275 2734 1340 2794 et
1371 2746 1543 2794 atrox
1575 2721 1864 2817 variaque
1889 2729 2142 2793 vid'coria
2173 2725 2339 2807 fuit3
2385 2727 2532 2792 dein

403 2853 550 2939 quia
583 2870 733 2918 tunc
765 2857 1042 2944 primum
1074 2855 1365 2945 superbiae
1407 2855 1745 2922 nobilitatis
1779 2856 2027 2921 obviam
2058 2857 2219 2919 itum
2257 2851 2365 2934 est,
2399 2878 2536 2943 quae

403 2982 723 3044 contentio
757 2982 965 3047 divina
997 2999 1061 3047 et
1091 2982 1369 3049 humana
1390 2989 1614 3048 cumsta
1635 2982 1990 3073 permiscuit
2014 3005 2217 3070 eoque
2238 2980 2537 3046 vecordiae

404 3106 712 3193 processit,
733 3111 827 3172 uti
847 3109 1057 3174 studiis
1091 3109 1370 3175 civilibus
1392 3109 1628 3176 bellum
1649 3128 1836 3199 atque
1862 3108 2103 3175 vastitas
2129 3106 2318 3173 Italiae
2339 3105 2537 3172 finem

403 3227 649 3296 faceret.
772 3236 891 3299 Sed
942 3235 1299 3325 priusquam
1341 3236 1771 3327 hujuscemodi
1814 3237 1903 3300 rei
1953 3236 2203 3299 initium
2245 3234 2535 3323 expedi0,

404 3381 602 3446 pauca
632 3357 811 3447 supra
852 3379 1152 3450 repetam,
1188 3387 1315 3451 quo
1364 3365 1443 3428 ad
1490 3361 1997 3452 cognoscendum
2041 3362 2253 3425 omnia
2283 3359 2537 3427 illustria

402 3487 596 3571 magis
629 3486 945 3575 magisque
979 3490 1043 3552 in
1077 3507 1290 3577 aperto
1323 3487 1460 3555 fint.
1585 3489 1760 3555 Bello
1795 3490 2036 3554 Punico
2075 3487 2369 3567 secundo,
2403 3510 2533 3575 quo

403 3610 531 3675 dux
563 3611 1167 3702 Carthaginiensium
1196 3616 1539 3697 Hannibal,
1567 3616 1703 3708 post
1734 3614 2234 3703 magnitudinem
2265 3614 2534 3679 nominis
