2722 4146
712 280 1113 342 BELLUM
1178 280 1968 367 JUGURTHINUM.
2262 287 2388 367 167

273 466 458 539 atque
483 452 595 515 viri
626 451 833 517 afflicti
857 482 871 518 :
922 478 995 518 ac
1019 452 1224 533 multi,
1250 452 1599 520 volneribus
1624 458 1912 545 acceptiS,
1939 481 2142 546 neque
2177 456 2391 547 fugere

271 576 461 665 poffe,
494 601 699 667 neque
740 581 1016 667 quietem
1055 582 1182 668 pati
1202 607 1221 660 3
1274 582 1386 645 niti
1418 582 1631 663 mod0,
1664 608 1737 647 ac
1776 582 1978 649 statim
2017 586 2386 652 concidere:

270 701 581 792 postremo
614 707 846 785 omnia,
881 730 1004 794 qua
1043 704 1197 770 visus
1239 723 1389 787 erat,
1422 707 1725 773 constrata
1770 709 1924 791 telis,
1966 713 2169 792 armis,
2203 713 2388 801 cada-

267 830 504 895 veribus
529 857 549 911 3
600 848 663 896 et
693 833 852 896 inter
882 857 955 897 ea
988 831 1213 898 humus
1244 831 1471 899 infecta
1503 833 1816 923 sanguine.

1263 1087 1385 1140 CII.

519 1210 867 1276 OSTEA
914 1210 1040 1276 loci
1086 1209 1344 1290 Consul,
1389 1209 1560 1276 haud
1603 1213 1790 1278 dubie
1818 1216 1953 1307 jam
1992 1217 2206 1296 victor,
2241 1241 2382 1305 per-

556 1387 559 1391 -
626 1340 795 1403 venit
826 1340 891 1402 in
922 1337 1230 1428 oppidum
1264 1339 1524 1418 Cirtam,
1560 1363 1689 1427 quo
1722 1341 1900 1404 initio
1946 1341 2252 1430 profectus
2284 1346 2383 1407 in-

627 1464 925 1529 tenderat.
1025 1468 1120 1527 Eo
1164 1462 1300 1553 post
1337 1463 1505 1527 diem
1547 1466 1860 1552 quintum,
1902 1491 2093 1555 quam
2136 1470 2384 1533 interim

261 1585 498 1652 barbari
528 1587 689 1652 male
722 1604 1168 1677 pugnaverant,
1201 1587 1387 1676 legati
1420 1614 1455 1653 a
1488 1589 1742 1655 Boccho
1774 1594 2051 1673 veniunt,
2086 1596 2196 1682 qui
2227 1597 2383 1682 regis

259 1712 453 1778 verbis
486 1713 563 1778 ab
596 1715 800 1778 Mario
834 1716 1125 1802 petivere,
1160 1714 1316 1780 duos
1352 1741 1544 1805 quam
1576 1713 1919 1784 fidiffumos
1951 1720 2028 1784 ad
2062 1746 2210 1785 eum
2241 1724 2383 1787 mit—

259 1856 416 1904 teret
434 1866 455 1920 3
505 1838 661 1905 velle
695 1840 773 1905 de
803 1839 912 1905 suo
944 1858 1007 1906 et
1036 1842 1114 1906 de
1147 1842 1368 1932 populi
1412 1846 1688 1909 Romani
1732 1846 2073 1911 commodo
2106 1872 2254 1911 cum
2287 1845 2380 1911 his

257 1966 556 2032 differere.
654 1966 767 2031 Ille
816 1965 1020 2032 statim
1073 1972 1144 2032 L.
1198 1968 1433 2034 Sullam
1483 1987 1547 2035 et
1589 1975 1671 2037 A.
1708 1970 2023 2036 Manlium
2057 1975 2141 2036 ire
2175 1971 2378 2061 jubet.

258 2094 387 2184 Qi
419 2116 803 2181 quamquam
836 2096 1016 2158 acciti
1042 2094 1235 2175 ibant,
1263 2112 1472 2160 tamen
1499 2094 1732 2185 placuit
1755 2096 1939 2162 verba
1963 2097 2132 2186 apud
2165 2122 2377 2186 regem

256 2215 498 2297 facere3
548 2221 641 2283 uti
689 2221 1013 2307 ingenium
1056 2238 1165 2285 aut
1206 2220 1479 2286 aversum
1531 2219 1870 2301 flecterent,
1918 2241 2027 2288 aut
2074 2225 2377 2313 cupidum

254 2346 421 2432 pacis
454 2343 879 2410 vehementius
927 2347 1360 2413 accenderent.
1460 2352 1679 2437 Itaque
1724 2349 1912 2429 Sulla,
1947 2350 2121 2440 cujus
2156 2349 2376 2415 facun-

253 2471 389 2550 diae,
435 2496 563 2536 non
613 2474 794 2551 aetati,
839 2497 875 2537 a
915 2471 1159 2537 Manlio
1211 2473 1589 2554 concessum,
1623 2500 1823 2565 pauca
1861 2476 2045 2541 verba
2087 2475 2374 2565 hujusce-

253 2597 427 2662 modi
458 2597 742 2663 locutus:

347 2733 388 2763 “
416 2728 557 2789 Rex
602 2725 872 2805 Bocche,
914 2750 1143 2815 magna
1186 2727 1361 2792 nobis
1410 2727 1618 2793 laetitia
1659 2726 1767 2808 est,
1812 2753 2011 2817 quum
2054 2746 2138 2809 te,
2183 2729 2372 2795 talem

251 2851 474 2930 virum,
532 2853 640 2916 Dii
696 2876 1019 2932 monuere,
1070 2855 1164 2918 uti
1218 2853 1555 2943 aliquando
1609 2880 1831 2944 pacem
1888 2880 2077 2944 quam
2137 2856 2370 2922 bellum

249 2975 484 3057 malleS,
533 3002 658 3042 neu
707 2995 767 3042 te
816 2995 1151 3067 optumum
1202 3004 1347 3045 cum
1398 2980 1677 3068 peffumo
1728 2982 2013 3045 omnium
2058 2982 2372 3072 Jugurtha

248 3103 563 3169 miscendo
596 3103 1080 3170 commaculares
1100 3132 1121 3185 3
1171 3102 1353 3169 fimul
1386 3105 1561 3170 nobis
1605 3106 1883 3171 demeres
1926 3107 2213 3172 acerbam
2254 3133 2368 3173 ne—

248 3228 700 3312 ceffitudinem,
734 3232 960 3320 pariter
992 3247 1052 3295 te
1077 3247 1384 3295 errantem
1408 3248 1594 3321 atque
1621 3230 1802 3296 illum
1826 3231 2369 3299 sceleratissumum

246 3354 546 3444 persequi.
645 3357 752 3421 Ad
783 3355 906 3421 hoc
940 3355 1178 3446 populo
1230 3360 1524 3421 Romano
1555 3355 1692 3446 jam
1723 3381 1759 3421 a
1795 3358 2103 3446 principio
2145 3357 2365 3424 melius

164 3505 173 3514 ·
244 3481 439 3547 visum
464 3485 694 3548 amicos
720 3508 912 3572 quam
932 3483 1127 3548 servos
1154 3507 1460 3571 quaerere:
1500 3482 1812 3571 tutiusque
1837 3485 1973 3562 rati,
2000 3482 2366 3565 volentibuS,

243 3630 433 3694 quam
460 3609 706 3687 coactiS,
728 3609 1103 3697 imperitare.
1194 3607 1343 3671 Tibi
1366 3632 1511 3672 vero
1536 3607 1710 3673 nulla
1730 3610 2142 3698 opportunior
2162 3608 2365 3674 nostra
