<?xml version="1.0" encoding="UTF-8"?>
<!DOCTYPE html PUBLIC "-//W3C//DTD XHTML 1.0 Transitional//EN"
    "http://www.w3.org/TR/xhtml1/DTD/xhtml1-transitional.dtd">
<html xmlns="http://www.w3.org/1999/xhtml" xml:lang="en" lang="en">
 <head>
  <title>
</title>
<meta http-equiv="Content-Type" content="text/html;charset=utf-8" />
  <meta name='ocr-system' content='tesseract 3.04.00' />
  <meta name='ocr-capabilities' content='ocr_page ocr_carea ocr_par ocr_line ocrx_word'/>
</head>
<body>
  <div class='ocr_page' id='page_1' title='image "./operaquaeextanta00salluoft_0114.png"; bbox 0 0 2722 4146; ppageno 0'>
   <div class='ocr_carea' id='block_1_1' title="bbox 428 258 2015 342">
    <p class='ocr_par' dir='ltr' id='par_1_1' title="bbox 428 258 2015 342">
     <span class='ocr_line' id='line_1_1' title="bbox 428 258 2015 342; baseline -0.003 -18"><span class='ocrx_word' id='word_1_1' title='bbox 428 283 558 342; x_wconf 90' lang='lat'>104</span> <span class='ocrx_word' id='word_1_2' title='bbox 951 263 1027 324; x_wconf 90' lang='lat' dir='ltr'>C.</span> <span class='ocrx_word' id='word_1_3' title='bbox 1100 259 1425 323; x_wconf 91' lang='lat' dir='ltr'>CRISPI</span> <span class='ocrx_word' id='word_1_4' title='bbox 1494 258 2015 320; x_wconf 90' lang='lat' dir='ltr'>SALLUSTII</span> 
     </span>
    </p>
   </div>
   <div class='ocr_carea' id='block_1_2' title="bbox 419 429 2571 2423">
    <p class='ocr_par' dir='ltr' id='par_1_2' title="bbox 419 429 2571 2423">
     <span class='ocr_line' id='line_1_2' title="bbox 421 429 2551 523; baseline -0 -25"><span class='ocrx_word' id='word_1_5' title='bbox 421 436 709 523; x_wconf 88' lang='lat' dir='ltr'>pecunias</span> <span class='ocrx_word' id='word_1_6' title='bbox 753 434 1145 523; x_wconf 68' lang='lat' dir='ltr'>accepissent,</span> <span class='ocrx_word' id='word_1_7' title='bbox 1179 434 1289 521; x_wconf 91' lang='lat' dir='ltr'>qui</span> <span class='ocrx_word' id='word_1_8' title='bbox 1328 431 1715 520; x_wconf 81' lang='lat' dir='ltr'>elephantOS,</span> <span class='ocrx_word' id='word_1_9' title='bbox 1751 433 1984 520; x_wconf 90' lang='lat' dir='ltr'>quique</span> <span class='ocrx_word' id='word_1_10' title='bbox 2030 429 2315 520; x_wconf 88' lang='lat' dir='ltr'>perfugas</span> <span class='ocrx_word' id='word_1_11' title='bbox 2359 433 2551 497; x_wconf 91' lang='lat' dir='ltr'>tradi-</span> 
     </span>
     <span class='ocr_line' id='line_1_3' title="bbox 423 556 2549 648; baseline -0.001 -23"><span class='ocrx_word' id='word_1_12' title='bbox 423 561 663 639; x_wconf 75' lang='lat' dir='ltr'>dissent,</span> <span class='ocrx_word' id='word_1_13' title='bbox 708 562 859 624; x_wconf 91' lang='lat' dir='ltr'>item</span> <span class='ocrx_word' id='word_1_14' title='bbox 903 562 1013 647; x_wconf 91' lang='lat' dir='ltr'>qui</span> <span class='ocrx_word' id='word_1_15' title='bbox 1057 559 1135 623; x_wconf 92' lang='lat' dir='ltr'>de</span> <span class='ocrx_word' id='word_1_16' title='bbox 1179 583 1332 648; x_wconf 88' lang='lat' dir='ltr'>pace</span> <span class='ocrx_word' id='word_1_17' title='bbox 1373 575 1481 622; x_wconf 91' lang='lat' dir='ltr'>aut</span> <span class='ocrx_word' id='word_1_18' title='bbox 1523 556 1688 622; x_wconf 92' lang='lat' dir='ltr'>bello</span> <span class='ocrx_word' id='word_1_19' title='bbox 1733 582 1880 622; x_wconf 91' lang='lat' dir='ltr'>cum</span> <span class='ocrx_word' id='word_1_20' title='bbox 1925 557 2196 622; x_wconf 91' lang='lat' dir='ltr'>hostibus</span> <span class='ocrx_word' id='word_1_21' title='bbox 2239 561 2549 647; x_wconf 67' lang='lat' dir='ltr'>pactiones</span> 
     </span>
     <span class='ocr_line' id='line_1_4' title="bbox 425 682 2554 775; baseline -0 -25"><span class='ocrx_word' id='word_1_22' title='bbox 425 686 719 752; x_wconf 90' lang='lat' dir='ltr'>fecissent.</span> <span class='ocrx_word' id='word_1_23' title='bbox 806 688 978 749; x_wconf 92' lang='lat' dir='ltr'>Huic</span> <span class='ocrx_word' id='word_1_24' title='bbox 1010 687 1339 773; x_wconf 90' lang='lat' dir='ltr'>rogationi,</span> <span class='ocrx_word' id='word_1_25' title='bbox 1365 686 1591 773; x_wconf 92' lang='lat' dir='ltr'>partim</span> <span class='ocrx_word' id='word_1_26' title='bbox 1623 683 1851 749; x_wconf 90' lang='lat' dir='ltr'>conscii</span> <span class='ocrx_word' id='word_1_27' title='bbox 1883 682 2015 764; x_wconf 90' lang='lat' dir='ltr'>fibi,</span> <span class='ocrx_word' id='word_1_28' title='bbox 2042 684 2144 749; x_wconf 94' lang='lat' dir='ltr'>alii</span> <span class='ocrx_word' id='word_1_29' title='bbox 2176 709 2250 749; x_wconf 87' lang='lat' dir='ltr'>ex</span> <span class='ocrx_word' id='word_1_30' title='bbox 2283 688 2554 775; x_wconf 91' lang='lat' dir='ltr'>partium</span> 
     </span>
     <span class='ocr_line' id='line_1_5' title="bbox 424 808 2553 901; baseline -0 -24"><span class='ocrx_word' id='word_1_31' title='bbox 424 813 654 878; x_wconf 88' lang='lat' dir='ltr'>invidia</span> <span class='ocrx_word' id='word_1_32' title='bbox 708 811 984 901; x_wconf 89' lang='lat' dir='ltr'>pericula</span> <span class='ocrx_word' id='word_1_33' title='bbox 1038 827 1406 891; x_wconf 78' lang='lat' dir='ltr'>metuenteS,</span> <span class='ocrx_word' id='word_1_34' title='bbox 1461 812 1762 899; x_wconf 91' lang='lat' dir='ltr'>quoniam</span> <span class='ocrx_word' id='word_1_35' title='bbox 1824 826 2032 898; x_wconf 89' lang='lat' dir='ltr'>aperte</span> <span class='ocrx_word' id='word_1_36' title='bbox 2094 808 2359 876; x_wconf 81' lang='lat' dir='ltr'>resistere</span> <span class='ocrx_word' id='word_1_37' title='bbox 2424 837 2553 876; x_wconf 91' lang='lat' dir='ltr'>non</span> 
     </span>
     <span class='ocr_line' id='line_1_6' title="bbox 425 934 2556 1029; baseline -0.001 -25"><span class='ocrx_word' id='word_1_38' title='bbox 425 955 731 1029; x_wconf 91' lang='lat' dir='ltr'>poterant,</span> <span class='ocrx_word' id='word_1_39' title='bbox 762 940 915 1027; x_wconf 91' lang='lat' dir='ltr'>quin</span> <span class='ocrx_word' id='word_1_40' title='bbox 941 937 1046 1002; x_wconf 93' lang='lat' dir='ltr'>illa</span> <span class='ocrx_word' id='word_1_41' title='bbox 1071 956 1134 1002; x_wconf 88' lang='lat' dir='ltr'>et</span> <span class='ocrx_word' id='word_1_42' title='bbox 1165 937 1284 1003; x_wconf 90' lang='lat' dir='ltr'>alia</span> <span class='ocrx_word' id='word_1_43' title='bbox 1309 937 1454 1003; x_wconf 91' lang='lat' dir='ltr'>talia</span> <span class='ocrx_word' id='word_1_44' title='bbox 1488 937 1727 1026; x_wconf 91' lang='lat' dir='ltr'>placere</span> <span class='ocrx_word' id='word_1_45' title='bbox 1755 934 1864 1001; x_wconf 89' lang='lat' dir='ltr'>fibi</span> <span class='ocrx_word' id='word_1_46' title='bbox 1890 934 2264 1001; x_wconf 90' lang='lat' dir='ltr'>faterentur:</span> <span class='ocrx_word' id='word_1_47' title='bbox 2311 937 2556 1002; x_wconf 92' lang='lat' dir='ltr'>occulte</span> 
     </span>
     <span class='ocr_line' id='line_1_7' title="bbox 429 1062 2556 1153; baseline 0 -25"><span class='ocrx_word' id='word_1_48' title='bbox 429 1090 535 1153; x_wconf 92' lang='lat' dir='ltr'>per</span> <span class='ocrx_word' id='word_1_49' title='bbox 568 1066 822 1143; x_wconf 80' lang='lat' dir='ltr'>amiCOS,</span> <span class='ocrx_word' id='word_1_50' title='bbox 848 1088 920 1128; x_wconf 88' lang='lat' dir='ltr'>ac</span> <span class='ocrx_word' id='word_1_51' title='bbox 954 1088 1246 1128; x_wconf 85' lang='lat' dir='ltr'>maxume</span> <span class='ocrx_word' id='word_1_52' title='bbox 1278 1089 1388 1153; x_wconf 91' lang='lat' dir='ltr'>per</span> <span class='ocrx_word' id='word_1_53' title='bbox 1421 1063 1706 1128; x_wconf 92' lang='lat' dir='ltr'>homines</span> <span class='ocrx_word' id='word_1_54' title='bbox 1738 1066 2006 1128; x_wconf 89' lang='lat' dir='ltr'>nominis</span> <span class='ocrx_word' id='word_1_55' title='bbox 2041 1066 2247 1129; x_wconf 89' lang='lat' dir='ltr'>Latini</span> <span class='ocrx_word' id='word_1_56' title='bbox 2271 1080 2334 1128; x_wconf 92' lang='lat' dir='ltr'>et</span> <span class='ocrx_word' id='word_1_57' title='bbox 2364 1062 2556 1129; x_wconf 92' lang='lat' dir='ltr'>socios</span> 
     </span>
     <span class='ocr_line' id='line_1_8' title="bbox 429 1189 2562 1281; baseline -0.001 -25"><span class='ocrx_word' id='word_1_58' title='bbox 429 1190 674 1256; x_wconf 89' lang='lat' dir='ltr'>Italicos</span> <span class='ocrx_word' id='word_1_59' title='bbox 718 1191 1168 1281; x_wconf 91' lang='lat' dir='ltr'>impedimenta</span> <span class='ocrx_word' id='word_1_60' title='bbox 1211 1191 1529 1280; x_wconf 88' lang='lat' dir='ltr'>parabant.</span> <span class='ocrx_word' id='word_1_61' title='bbox 1634 1191 1755 1255; x_wconf 92' lang='lat' dir='ltr'>Sed</span> <span class='ocrx_word' id='word_1_62' title='bbox 1798 1190 2029 1280; x_wconf 80' lang='lat' dir='ltr'>plebeS,</span> <span class='ocrx_word' id='word_1_63' title='bbox 2073 1189 2431 1255; x_wconf 88' lang='lat' dir='ltr'>incredibile</span> <span class='ocrx_word' id='word_1_64' title='bbox 2473 1189 2562 1255; x_wconf 90' lang='lat' dir='ltr'>est</span> 
     </span>
     <span class='ocr_line' id='line_1_9' title="bbox 431 1317 2559 1408; baseline -0.001 -25"><span class='ocrx_word' id='word_1_65' title='bbox 431 1335 804 1396; x_wconf 89' lang='lat' dir='ltr'>memoratu,</span> <span class='ocrx_word' id='word_1_66' title='bbox 858 1343 1049 1406; x_wconf 90' lang='lat' dir='ltr'>quam</span> <span class='ocrx_word' id='word_1_67' title='bbox 1102 1320 1341 1383; x_wconf 89' lang='lat' dir='ltr'>intenta</span> <span class='ocrx_word' id='word_1_68' title='bbox 1394 1317 1602 1399; x_wconf 90' lang='lat' dir='ltr'>fuerit,</span> <span class='ocrx_word' id='word_1_69' title='bbox 1659 1335 2014 1408; x_wconf 90' lang='lat' dir='ltr'>quantaque</span> <span class='ocrx_word' id='word_1_70' title='bbox 2066 1319 2123 1382; x_wconf 93' lang='lat' dir='ltr'>vi</span> <span class='ocrx_word' id='word_1_71' title='bbox 2174 1319 2559 1405; x_wconf 87' lang='lat' dir='ltr'>rogationem</span> 
     </span>
     <span class='ocr_line' id='line_1_10' title="bbox 419 1443 2564 1534; baseline -0 -25"><span class='ocrx_word' id='word_1_72' title='bbox 419 1444 681 1534; x_wconf 82' lang='lat' dir='ltr'>jufferit,</span> <span class='ocrx_word' id='word_1_73' title='bbox 717 1445 1075 1524; x_wconf 91' lang='lat' dir='ltr'>decreverit,</span> <span class='ocrx_word' id='word_1_74' title='bbox 1106 1443 1406 1511; x_wconf 87' lang='lat' dir='ltr'>voluerit:</span> <span class='ocrx_word' id='word_1_75' title='bbox 1458 1449 1652 1533; x_wconf 90' lang='lat' dir='ltr'>magis</span> <span class='ocrx_word' id='word_1_76' title='bbox 1685 1446 1833 1510; x_wconf 94' lang='lat' dir='ltr'>odio</span> <span class='ocrx_word' id='word_1_77' title='bbox 1866 1444 2223 1524; x_wconf 86' lang='lat' dir='ltr'>nobilitatis,</span> <span class='ocrx_word' id='word_1_78' title='bbox 2259 1446 2362 1509; x_wconf 91' lang='lat' dir='ltr'>cui</span> <span class='ocrx_word' id='word_1_79' title='bbox 2400 1443 2564 1509; x_wconf 88' lang='lat' dir='ltr'>mala</span> 
     </span>
     <span class='ocr_line' id='line_1_11' title="bbox 433 1571 2564 1661; baseline 0 -25"><span class='ocrx_word' id='word_1_80' title='bbox 433 1571 535 1637; x_wconf 90' lang='lat' dir='ltr'>illa</span> <span class='ocrx_word' id='word_1_81' title='bbox 553 1571 943 1661; x_wconf 91' lang='lat' dir='ltr'>parabantur,</span> <span class='ocrx_word' id='word_1_82' title='bbox 966 1595 1158 1658; x_wconf 91' lang='lat' dir='ltr'>quam</span> <span class='ocrx_word' id='word_1_83' title='bbox 1179 1596 1325 1635; x_wconf 91' lang='lat' dir='ltr'>cura</span> <span class='ocrx_word' id='word_1_84' title='bbox 1345 1571 1696 1661; x_wconf 75' lang='lat' dir='ltr'>reipublicae</span> <span class='ocrx_word' id='word_1_85' title='bbox 1717 1599 1737 1652; x_wconf 85' lang='lat'>3</span> <span class='ocrx_word' id='word_1_86' title='bbox 1774 1589 1945 1637; x_wconf 90' lang='lat' dir='ltr'>tanta</span> <span class='ocrx_word' id='word_1_87' title='bbox 1963 1571 2181 1636; x_wconf 90' lang='lat' dir='ltr'>lubido</span> <span class='ocrx_word' id='word_1_88' title='bbox 2201 1574 2264 1636; x_wconf 91' lang='lat' dir='ltr'>in</span> <span class='ocrx_word' id='word_1_89' title='bbox 2291 1572 2564 1661; x_wconf 90' lang='lat' dir='ltr'>partibus</span> 
     </span>
     <span class='ocr_line' id='line_1_12' title="bbox 434 1697 2566 1788; baseline 0 -26"><span class='ocrx_word' id='word_1_90' title='bbox 434 1714 579 1762; x_wconf 86' lang='lat' dir='ltr'>erat.</span> <span class='ocrx_word' id='word_1_91' title='bbox 709 1698 908 1784; x_wconf 88' lang='lat' dir='ltr'>Igitur</span> <span class='ocrx_word' id='word_1_92' title='bbox 971 1700 1185 1761; x_wconf 92' lang='lat' dir='ltr'>ceteris</span> <span class='ocrx_word' id='word_1_93' title='bbox 1250 1716 1423 1763; x_wconf 92' lang='lat' dir='ltr'>metu</span> <span class='ocrx_word' id='word_1_94' title='bbox 1490 1697 1800 1788; x_wconf 81' lang='lat' dir='ltr'>perculfiS,</span> <span class='ocrx_word' id='word_1_95' title='bbox 1867 1703 1960 1763; x_wconf 91' lang='lat' dir='ltr'>M.</span> <span class='ocrx_word' id='word_1_96' title='bbox 2027 1703 2308 1779; x_wconf 80' lang='lat' dir='ltr'>ScauruS‚</span> <span class='ocrx_word' id='word_1_97' title='bbox 2375 1723 2566 1787; x_wconf 92' lang='lat' dir='ltr'>quem</span> 
     </span>
     <span class='ocr_line' id='line_1_13' title="bbox 435 1823 2566 1915; baseline 0 -26"><span class='ocrx_word' id='word_1_98' title='bbox 435 1824 711 1912; x_wconf 90' lang='lat' dir='ltr'>legatum</span> <span class='ocrx_word' id='word_1_99' title='bbox 739 1823 945 1888; x_wconf 86' lang='lat' dir='ltr'>Bestiae</span> <span class='ocrx_word' id='word_1_100' title='bbox 970 1824 1150 1913; x_wconf 90' lang='lat' dir='ltr'>supra</span> <span class='ocrx_word' id='word_1_101' title='bbox 1169 1825 1519 1906; x_wconf 87' lang='lat' dir='ltr'>docuimus,</span> <span class='ocrx_word' id='word_1_102' title='bbox 1541 1829 1700 1891; x_wconf 90' lang='lat' dir='ltr'>inter</span> <span class='ocrx_word' id='word_1_103' title='bbox 1720 1826 1993 1891; x_wconf 88' lang='lat' dir='ltr'>laetitiam</span> <span class='ocrx_word' id='word_1_104' title='bbox 2017 1825 2211 1915; x_wconf 90' lang='lat' dir='ltr'>plebis</span> <span class='ocrx_word' id='word_1_105' title='bbox 2231 1843 2294 1890; x_wconf 94' lang='lat' dir='ltr'>et</span> <span class='ocrx_word' id='word_1_106' title='bbox 2317 1824 2566 1890; x_wconf 90' lang='lat' dir='ltr'>suorum</span> 
     </span>
     <span class='ocr_line' id='line_1_14' title="bbox 438 1950 2568 2042; baseline -0 -25"><span class='ocrx_word' id='word_1_107' title='bbox 438 1952 675 2040; x_wconf 89' lang='lat' dir='ltr'>fugam,</span> <span class='ocrx_word' id='word_1_108' title='bbox 697 1953 937 2042; x_wconf 91' lang='lat' dir='ltr'>trepida</span> <span class='ocrx_word' id='word_1_109' title='bbox 959 1955 1149 2018; x_wconf 90' lang='lat' dir='ltr'>etiam</span> <span class='ocrx_word' id='word_1_110' title='bbox 1173 1971 1310 2019; x_wconf 91' lang='lat' dir='ltr'>tum</span> <span class='ocrx_word' id='word_1_111' title='bbox 1336 1956 1604 2034; x_wconf 89' lang='lat' dir='ltr'>civitate,</span> <span class='ocrx_word' id='word_1_112' title='bbox 1627 1977 1825 2042; x_wconf 90' lang='lat' dir='ltr'>quum</span> <span class='ocrx_word' id='word_1_113' title='bbox 1851 1976 1928 2016; x_wconf 88' lang='lat' dir='ltr'>ex</span> <span class='ocrx_word' id='word_1_114' title='bbox 1952 1950 2223 2016; x_wconf 89' lang='lat' dir='ltr'>Mamilii</span> <span class='ocrx_word' id='word_1_115' title='bbox 2246 1953 2568 2039; x_wconf 91' lang='lat' dir='ltr'>rogatione</span> 
     </span>
     <span class='ocr_line' id='line_1_15' title="bbox 438 2052 2570 2168; baseline 0 -26"><span class='ocrx_word' id='word_1_116' title='bbox 438 2096 556 2143; x_wconf 92' lang='lat' dir='ltr'>tres</span> <span class='ocrx_word' id='word_1_117' title='bbox 601 2076 947 2167; x_wconf 83' lang='lat' dir='ltr'>quaefitores</span> <span class='ocrx_word' id='word_1_118' title='bbox 990 2052 1376 2167; x_wconf 87' lang='lat' dir='ltr'>rogarentur,</span> <span class='ocrx_word' id='word_1_119' title='bbox 1422 2077 1735 2160; x_wconf 84' lang='lat' dir='ltr'>effecerat,</span> <span class='ocrx_word' id='word_1_120' title='bbox 1779 2081 1872 2143; x_wconf 92' lang='lat' dir='ltr'>uti</span> <span class='ocrx_word' id='word_1_121' title='bbox 1914 2078 2039 2168; x_wconf 91' lang='lat' dir='ltr'>ipse</span> <span class='ocrx_word' id='word_1_122' title='bbox 2083 2080 2149 2142; x_wconf 90' lang='lat' dir='ltr'>in</span> <span class='ocrx_word' id='word_1_123' title='bbox 2193 2103 2270 2142; x_wconf 94' lang='lat' dir='ltr'>eo</span> <span class='ocrx_word' id='word_1_124' title='bbox 2307 2102 2570 2143; x_wconf 88' lang='lat' dir='ltr'>numero</span> 
     </span>
     <span class='ocr_line' id='line_1_16' title="bbox 439 2205 2571 2296; baseline 0 -26"><span class='ocrx_word' id='word_1_125' title='bbox 439 2222 767 2270; x_wconf 89' lang='lat' dir='ltr'>crearetur.</span> <span class='ocrx_word' id='word_1_126' title='bbox 886 2205 1004 2269; x_wconf 90' lang='lat' dir='ltr'>Sed</span> <span class='ocrx_word' id='word_1_127' title='bbox 1060 2205 1310 2294; x_wconf 87' lang='lat' dir='ltr'>quaestio</span> <span class='ocrx_word' id='word_1_128' title='bbox 1366 2209 1697 2271; x_wconf 89' lang='lat' dir='ltr'>exercitata</span> <span class='ocrx_word' id='word_1_129' title='bbox 1753 2206 1956 2296; x_wconf 86' lang='lat' dir='ltr'>aspere</span> <span class='ocrx_word' id='word_1_130' title='bbox 2013 2205 2436 2294; x_wconf 90' lang='lat' dir='ltr'>violenterque</span> <span class='ocrx_word' id='word_1_131' title='bbox 2493 2230 2571 2270; x_wconf 84' lang='lat' dir='ltr'>ex</span> 
     </span>
     <span class='ocr_line' id='line_1_17' title="bbox 440 2329 2571 2423; baseline -0 -25"><span class='ocrx_word' id='word_1_132' title='bbox 440 2357 687 2398; x_wconf 91' lang='lat' dir='ltr'>rumore</span> <span class='ocrx_word' id='word_1_133' title='bbox 721 2348 785 2396; x_wconf 90' lang='lat' dir='ltr'>et</span> <span class='ocrx_word' id='word_1_134' title='bbox 815 2330 1093 2396; x_wconf 88' lang='lat' dir='ltr'>lubidine</span> <span class='ocrx_word' id='word_1_135' title='bbox 1126 2332 1340 2422; x_wconf 87' lang='lat' dir='ltr'>plebis.</span> <span class='ocrx_word' id='word_1_136' title='bbox 1441 2337 1531 2397; x_wconf 90' lang='lat' dir='ltr'>Ut</span> <span class='ocrx_word' id='word_1_137' title='bbox 1561 2333 1711 2423; x_wconf 88' lang='lat' dir='ltr'>saepe</span> <span class='ocrx_word' id='word_1_138' title='bbox 1745 2331 2153 2412; x_wconf 90' lang='lat' dir='ltr'>nobilitatem,</span> <span class='ocrx_word' id='word_1_139' title='bbox 2189 2329 2273 2396; x_wconf 89' lang='lat' dir='ltr'>fic</span> <span class='ocrx_word' id='word_1_140' title='bbox 2305 2357 2379 2398; x_wconf 93' lang='lat' dir='ltr'>ea</span> <span class='ocrx_word' id='word_1_141' title='bbox 2409 2346 2571 2397; x_wconf 72' lang='lat' dir='ltr'>&#39;tem-&#39;-</span> 
     </span>
    </p>
   </div>
   <div class='ocr_carea' id='block_1_3' title="bbox 443 2456 2239 2549">
    <p class='ocr_par' dir='ltr' id='par_1_3' title="bbox 443 2456 2239 2549">
     <span class='ocr_line' id='line_1_18' title="bbox 443 2456 2239 2549; baseline 0.001 -27"><span class='ocrx_word' id='word_1_142' title='bbox 443 2457 670 2547; x_wconf 89' lang='lat' dir='ltr'>pestate</span> <span class='ocrx_word' id='word_1_143' title='bbox 704 2456 952 2547; x_wconf 91' lang='lat' dir='ltr'>plebem</span> <span class='ocrx_word' id='word_1_144' title='bbox 985 2482 1063 2523; x_wconf 87' lang='lat' dir='ltr'>ex</span> <span class='ocrx_word' id='word_1_145' title='bbox 1094 2459 1374 2524; x_wconf 89' lang='lat' dir='ltr'>secundis</span> <span class='ocrx_word' id='word_1_146' title='bbox 1407 2460 1587 2524; x_wconf 91' lang='lat' dir='ltr'>rebus</span> <span class='ocrx_word' id='word_1_147' title='bbox 1619 2458 1940 2524; x_wconf 90' lang='lat' dir='ltr'>insolentia</span> <span class='ocrx_word' id='word_1_148' title='bbox 1974 2475 2239 2549; x_wconf 91' lang='lat' dir='ltr'>ceperat.</span> 
     </span>
    </p>
   </div>
   <div class='ocr_carea' id='block_1_4' title="bbox 802 2683 1582 2765">
    <p class='ocr_par' dir='ltr' id='par_1_4' title="bbox 802 2683 1582 2765">
     <span class='ocr_line' id='line_1_19' title="bbox 802 2683 1582 2765; baseline -0.009 6"><span class='ocrx_word' id='word_1_149' title='bbox 802 2683 826 2721; x_wconf 76' lang='lat'><em>⁴</em></span> <span class='ocrx_word' id='word_1_150' title='bbox 1435 2713 1582 2765; x_wconf 88' lang='lat' dir='ltr'><strong>XLI.</strong></span> 
     </span>
    </p>
   </div>
   <div class='ocr_carea' id='block_1_5' title="bbox 560 2836 2574 2991">
    <p class='ocr_par' dir='ltr' id='par_1_5' title="bbox 560 2836 2574 2991">
     <span class='ocr_line' id='line_1_20' title="bbox 560 2836 2574 2991; baseline 0.003 -95"><span class='ocrx_word' id='word_1_151' title='bbox 560 2871 619 2907; x_wconf 50' lang='grc' dir='ltr'>,η</span> <span class='ocrx_word' id='word_1_152' title='bbox 662 2840 671 2841; x_wconf 68' lang='grc'>”</span> <span class='ocrx_word' id='word_1_153' title='bbox 646 2836 1148 2991; x_wconf 39' lang='lat' dir='ltr'><strong>›ULETERUM</strong></span> <span class='ocrx_word' id='word_1_154' title='bbox 1181 2860 1314 2900; x_wconf 93' lang='lat' dir='ltr'>mos</span> <span class='ocrx_word' id='word_1_155' title='bbox 1347 2839 1616 2926; x_wconf 90' lang='lat' dir='ltr'>partium</span> <span class='ocrx_word' id='word_1_156' title='bbox 1647 2838 2044 2928; x_wconf 90' lang='lat' dir='ltr'>popularium</span> <span class='ocrx_word' id='word_1_157' title='bbox 2068 2855 2131 2903; x_wconf 93' lang='lat' dir='ltr'>et</span> <span class='ocrx_word' id='word_1_158' title='bbox 2162 2842 2366 2903; x_wconf 91' lang='lat' dir='ltr'>Senati</span> <span class='ocrx_word' id='word_1_159' title='bbox 2397 2837 2574 2903; x_wconf 70' lang='lat' dir='ltr'>facti-</span> 
     </span>
    </p>
   </div>
   <div class='ocr_carea' id='block_1_6' title="bbox 574 2959 2575 3054">
    <p class='ocr_par' dir='ltr' id='par_1_6' title="bbox 574 2959 2575 3054">
     <span class='ocr_line' id='line_1_21' title="bbox 574 2959 2575 3054; baseline 0.003 -32"><span class='ocrx_word' id='word_1_160' title='bbox 574 2992 595 3015; x_wconf 54' lang='lat' dir='ltr'>x</span> <span class='ocrx_word' id='word_1_161' title='bbox 675 2959 724 2982; x_wconf 68' lang='lat'>&#39;⁴</span> <span class='ocrx_word' id='word_1_162' title='bbox 816 2985 1034 3040; x_wconf 90' lang='lat' dir='ltr'>onum,</span> <span class='ocrx_word' id='word_1_163' title='bbox 1059 2986 1132 3026; x_wconf 89' lang='lat' dir='ltr'>ac</span> <span class='ocrx_word' id='word_1_164' title='bbox 1165 2962 1391 3027; x_wconf 91' lang='lat' dir='ltr'>deinde</span> <span class='ocrx_word' id='word_1_165' title='bbox 1427 2966 1714 3028; x_wconf 92' lang='lat' dir='ltr'>omnium</span> <span class='ocrx_word' id='word_1_166' title='bbox 1747 2964 2050 3030; x_wconf 91' lang='lat' dir='ltr'>malarum</span> <span class='ocrx_word' id='word_1_167' title='bbox 2083 2967 2329 3044; x_wconf 90' lang='lat' dir='ltr'>artium,</span> <span class='ocrx_word' id='word_1_168' title='bbox 2363 2966 2575 3054; x_wconf 88' lang='lat' dir='ltr'>paucis</span> 
     </span>
    </p>
   </div>
   <div class='ocr_carea' id='block_1_7' title="bbox 449 2822 769 3141">
    <p class='ocr_par' dir='ltr' id='par_1_7' title="bbox 449 2822 769 3141">
     <span class='ocr_line' id='line_1_22' title="bbox 449 2822 769 3141; baseline 0 1005"><span class='ocrx_word' id='word_1_169' title='bbox 449 2822 769 3141; x_wconf 95' lang='lat' dir='ltr'> </span> 
     </span>
    </p>
   </div>
   <div class='ocr_carea' id='block_1_8' title="bbox 455 3075 2577 3558">
    <p class='ocr_par' dir='ltr' id='par_1_8' title="bbox 455 3075 2577 3558">
     <span class='ocr_line' id='line_1_23' title="bbox 596 3075 2577 3180; baseline 0.003 -31"><span class='ocrx_word' id='word_1_170' title='bbox 596 3122 615 3139; x_wconf 73' lang='grc' dir='ltr'><strong>ο</strong></span> <span class='ocrx_word' id='word_1_171' title='bbox 651 3080 654 3081; x_wconf 38' lang='grc'>’</span> <span class='ocrx_word' id='word_1_172' title='bbox 685 3075 749 3130; x_wconf 52' lang='lat'>‘⁴⁶</span> <span class='ocrx_word' id='word_1_173' title='bbox 818 3103 960 3150; x_wconf 91' lang='lat' dir='ltr'>ante</span> <span class='ocrx_word' id='word_1_174' title='bbox 1001 3090 1176 3152; x_wconf 91' lang='lat' dir='ltr'>annis</span> <span class='ocrx_word' id='word_1_175' title='bbox 1211 3092 1432 3154; x_wconf 84' lang='lat' dir='ltr'>Romae</span> <span class='ocrx_word' id='word_1_176' title='bbox 1466 3107 1633 3155; x_wconf 90' lang='lat' dir='ltr'>ortus</span> <span class='ocrx_word' id='word_1_177' title='bbox 1665 3090 1772 3171; x_wconf 91' lang='lat' dir='ltr'>est,</span> <span class='ocrx_word' id='word_1_178' title='bbox 1807 3094 1936 3156; x_wconf 93' lang='lat' dir='ltr'>otio</span> <span class='ocrx_word' id='word_1_179' title='bbox 1981 3108 2167 3180; x_wconf 88' lang='lat' dir='ltr'>atque</span> <span class='ocrx_word' id='word_1_180' title='bbox 2198 3090 2577 3155; x_wconf 91' lang='lat' dir='ltr'>abundantia</span> 
     </span>
     <span class='ocr_line' id='line_1_24' title="bbox 455 3217 2576 3303; baseline 0.003 -29"><span class='ocrx_word' id='word_1_181' title='bbox 455 3236 667 3275; x_wconf 90' lang='lat' dir='ltr'>earum</span> <span class='ocrx_word' id='word_1_182' title='bbox 700 3236 929 3292; x_wconf 91' lang='lat' dir='ltr'>rerum,</span> <span class='ocrx_word' id='word_1_183' title='bbox 963 3237 1099 3301; x_wconf 85' lang='lat' dir='ltr'>quae</span> <span class='ocrx_word' id='word_1_184' title='bbox 1132 3217 1333 3303; x_wconf 88' lang='lat' dir='ltr'>prima</span> <span class='ocrx_word' id='word_1_185' title='bbox 1362 3217 1649 3282; x_wconf 90' lang='lat' dir='ltr'>mortales</span> <span class='ocrx_word' id='word_1_186' title='bbox 1682 3218 1940 3282; x_wconf 91' lang='lat' dir='ltr'>ducunt.</span> <span class='ocrx_word' id='word_1_187' title='bbox 2041 3220 2213 3280; x_wconf 92' lang='lat' dir='ltr'>Nam</span> <span class='ocrx_word' id='word_1_188' title='bbox 2244 3232 2386 3280; x_wconf 87' lang='lat' dir='ltr'>ante</span> <span class='ocrx_word' id='word_1_189' title='bbox 2420 3219 2576 3280; x_wconf 90' lang='lat' dir='ltr'>Car-</span> 
     </span>
     <span class='ocr_line' id='line_1_25' title="bbox 457 3336 2577 3431; baseline 0.002 -32"><span class='ocrx_word' id='word_1_190' title='bbox 457 3336 780 3423; x_wconf 89' lang='lat' dir='ltr'>thaginem</span> <span class='ocrx_word' id='word_1_191' title='bbox 841 3337 1110 3404; x_wconf 91' lang='lat' dir='ltr'>deletam</span> <span class='ocrx_word' id='word_1_192' title='bbox 1173 3341 1440 3431; x_wconf 91' lang='lat' dir='ltr'>populus</span> <span class='ocrx_word' id='word_1_193' title='bbox 1501 3361 1565 3407; x_wconf 93' lang='lat' dir='ltr'>et</span> <span class='ocrx_word' id='word_1_194' title='bbox 1625 3347 1879 3407; x_wconf 89' lang='lat' dir='ltr'>Senatus</span> <span class='ocrx_word' id='word_1_195' title='bbox 1944 3345 2268 3405; x_wconf 89' lang='lat' dir='ltr'>Romanus</span> <span class='ocrx_word' id='word_1_196' title='bbox 2335 3339 2577 3430; x_wconf 91' lang='lat' dir='ltr'>placide</span> 
     </span>
     <span class='ocr_line' id='line_1_26' title="bbox 460 3443 2577 3558; baseline 0.002 -33"><span class='ocrx_word' id='word_1_197' title='bbox 460 3462 860 3551; x_wconf 90' lang='lat' dir='ltr'>modesteque</span> <span class='ocrx_word' id='word_1_198' title='bbox 893 3466 1053 3530; x_wconf 90' lang='lat' dir='ltr'>inter</span> <span class='ocrx_word' id='word_1_199' title='bbox 1090 3466 1147 3531; x_wconf 86' lang='lat' dir='ltr'>se</span> <span class='ocrx_word' id='word_1_200' title='bbox 1192 3468 1642 3558; x_wconf 89' lang='lat' dir='ltr'>rempublicam</span> <span class='ocrx_word' id='word_1_201' title='bbox 1686 3443 2065 3534; x_wconf 68' lang='lat' dir='ltr'>tractabant:</span> <span class='ocrx_word' id='word_1_202' title='bbox 2123 3491 2327 3555; x_wconf 92' lang='lat' dir='ltr'>neque</span> <span class='ocrx_word' id='word_1_203' title='bbox 2371 3465 2577 3554; x_wconf 87' lang='lat' dir='ltr'>gloriae</span> 
     </span>
    </p>
   </div>
   <div class='ocr_carea' id='block_1_9' title="bbox 463 3589 2579 3677">
    <p class='ocr_par' dir='ltr' id='par_1_9' title="bbox 463 3589 2579 3677">
     <span class='ocr_line' id='line_1_27' title="bbox 463 3589 2579 3677; baseline 0.002 -25"><span class='ocrx_word' id='word_1_204' title='bbox 463 3613 666 3677; x_wconf 90' lang='lat' dir='ltr'>neque</span> <span class='ocrx_word' id='word_1_205' title='bbox 700 3589 1138 3658; x_wconf 91' lang='lat' dir='ltr'>dominationis</span> <span class='ocrx_word' id='word_1_206' title='bbox 1171 3611 1485 3660; x_wconf 91' lang='lat' dir='ltr'>certamen</span> <span class='ocrx_word' id='word_1_207' title='bbox 1523 3597 1682 3659; x_wconf 91' lang='lat' dir='ltr'>inter</span> <span class='ocrx_word' id='word_1_208' title='bbox 1715 3597 1859 3659; x_wconf 90' lang='lat' dir='ltr'>civis</span> <span class='ocrx_word' id='word_1_209' title='bbox 1891 3611 2056 3659; x_wconf 89' lang='lat' dir='ltr'>erat:</span> <span class='ocrx_word' id='word_1_210' title='bbox 2107 3610 2307 3658; x_wconf 90' lang='lat' dir='ltr'>metus</span> <span class='ocrx_word' id='word_1_211' title='bbox 2350 3591 2579 3657; x_wconf 89' lang='lat' dir='ltr'>hostilis</span> 
     </span>
    </p>
   </div>
  </div>
 </body>
</html>
