2722 4146
395 269 480 331 88
913 269 990 331 C.
1062 268 1391 331 CRISPI
1460 266 1981 329 SALLUSTII

390 442 471 508 ad
518 467 642 508 νοε.
760 445 998 506 Verum
1045 466 1215 506 nunc
1262 464 1526 528 regnum
1572 439 1845 506 vostrum
1887 443 2070 506 armis
2114 457 2324 507 tenet:
2388 466 2515 521 me,

392 594 582 658 quem
629 593 735 632 vos
776 570 1216 657 imperatorem
1261 566 1557 640 Numidis
1602 566 1898 655 posuistiS,
1925 566 2202 632 clausum
2235 565 2514 633 obsidet:

392 694 741 782 legatorum
765 695 949 759 verba
974 697 1191 783 quanti
1217 694 1453 773 fecerit,
1476 692 1751 782 pericula
1775 717 1915 757 mea
1938 692 2270 759 declarant.
2350 694 2522 784 Qid

391 820 478 885 est
519 820 855 910 reliquum,
900 819 1015 886 nifi
1051 824 1137 886 vis
1177 819 1395 901 vostra,
1428 845 1557 909 quo
1600 821 1837 884 moveri
1884 818 2112 908 poffit?
2187 823 2359 884 Nam
2401 843 2521 907 ego

391 947 648 1036 quidem
696 947 943 1028 vellem,
995 964 1059 1012 et
1106 946 1259 1027 haec,
1310 972 1446 1036 quae
1495 946 1713 1027 scrib0,
1763 963 1826 1011 et
1872 945 1998 1025 illa,
2044 970 2179 1034 quae
2231 963 2411 1012 antea
2455 948 2522 1011 in

392 1079 619 1139 Senatu
662 1074 909 1164 questus
953 1074 1108 1155 sum,
1142 1099 1300 1139 vana
1348 1074 1554 1139 forent
1597 1075 1823 1163 potiuS,
1870 1096 2061 1161 quam
2103 1071 2343 1137 miseria
2383 1097 2523 1138 mea

391 1199 587 1266 fidem
617 1202 812 1266 verbis
845 1200 1093 1267 faceret.
1193 1203 1312 1267 Sed
1345 1204 1647 1291 quoniam
1679 1226 1757 1266 eo
1789 1216 1968 1265 natus
1999 1199 2155 1280 sum,
2180 1215 2254 1264 ut
2284 1203 2523 1291 Jugur-

392 1327 511 1392 thae
532 1327 832 1393 scelerum
852 1327 1118 1393 ostentui
1138 1329 1345 1409 effem,
1368 1354 1497 1393 non
1512 1329 1646 1418 jam
1681 1343 1950 1392 mortem
1974 1351 2179 1415 neque
2201 1351 2521 1407 aerumnaS,

393 1455 833 1520 tantummodo
866 1458 1104 1520 inimici
1135 1458 1466 1546 imperium
1493 1473 1556 1521 et
1580 1458 1885 1521 cruciatus
1910 1455 2181 1543 corporis
2203 1453 2521 1543 deprecor.

394 1586 621 1670 Regno
654 1583 995 1663 Numidiae,
1029 1584 1202 1671 quod
1230 1583 1501 1649 vostrum
1534 1582 1642 1663 est,
1676 1585 1767 1647 uti
1798 1581 1992 1661 lubet,
2026 1580 2364 1646 consulite:
2421 1605 2525 1646 me

393 1709 676 1774 manibus
710 1711 915 1799 impiis
948 1712 1187 1800 eripite,
1221 1735 1331 1800 per
1368 1710 1750 1800 majestatem
1792 1710 2057 1799 imperii,
2091 1733 2200 1798 per
2243 1709 2524 1773 amicitiae

395 1834 611 1916 fidem,
646 1834 693 1900 fi
724 1836 854 1901 ulla
886 1837 1055 1926 apud
1086 1863 1192 1902 vos
1225 1841 1526 1904 memoria
1556 1855 1834 1903 remanet
1858 1839 1953 1902 avi
1984 1838 2109 1900 mei
2143 1833 2525 1900 Mafiniffae.”

1377 2093 1551 2146 XXV.

542 2235 585 2248 ‘⁸
622 2215 642 2216 ⁷⁷
725 2219 794 2280 IS
829 2215 1016 2280 literis
1054 2219 1343 2298 recitatiS,
1379 2216 1574 2297 fuere,
1607 2218 1717 2306 qui
1760 2216 2105 2280 exercitum
2149 2216 2214 2278 in
2245 2212 2529 2279 Africam

669 2337 690 2442 '>
769 2343 1150 2408 mittendum
1182 2343 1522 2424 censerent,
1557 2360 1620 2408 et
1651 2368 1842 2432 quam
1880 2343 2153 2432 primum
2184 2338 2557 2406 Adherbali

642 2419 712 2512 ’Θ
770 2469 1311 2537 subveniundum:
1367 2473 1445 2537 de
1478 2468 1793 2564 Jugurtha
1830 2469 2079 2533 interim
2119 2469 2214 2532 uti
2245 2465 2529 2532 consule-

397 2612 586 2675 retur,
636 2599 938 2684 quoniam
987 2597 1202 2687 legatis
1253 2624 1384 2664 non
1434 2599 1739 2689 paruiffet.
1858 2597 1978 2662 Sed
2028 2596 2106 2661 ab
2152 2595 2367 2660 iisdem
2412 2593 2530 2660 illis

398 2725 554 2811 regis
588 2722 930 2789 fautoribus
975 2724 1217 2791 summa
1249 2750 1368 2814 ope
1402 2723 1663 2804 enisum,
1697 2748 1776 2788 ne
1809 2722 1931 2787 tale
1965 2721 2287 2786 decretum
2330 2718 2527 2787 fieret.

402 2854 496 2914 Ita
539 2850 778 2915 bonum
824 2851 1170 2941 publicum,
1202 2869 1276 2916 ut
1321 2854 1387 2916 in
1431 2850 1735 2941 plerisque
1779 2851 2043 2937 negotiis
2085 2847 2257 2927 solet,
2297 2850 2531 2937 privata

402 2979 596 3062 gratia
628 2978 958 3045 devietum.
1061 2983 1378 3068 Legantur
1408 2996 1619 3044 tamen
1651 2981 1717 3042 in
1749 2976 2033 3042 Africam
2064 2973 2324 3064 majores
2356 2991 2530 3054 natu,

403 3102 662 3182 nobileS,
707 3104 925 3194 amplis
975 3105 1314 3171 honoribus
1357 3105 1469 3188 ufi,
1513 3110 1579 3171 in
1632 3107 1768 3196 quis
1820 3103 1939 3169 fuit
1986 3107 2079 3167 M.
2126 3107 2407 3182 Scaurus,
2452 3102 2530 3167 de

405 3254 532 3316 quo
553 3230 730 3318 supra
751 3235 1249 3313 memoravimuS,
1271 3233 1623 3313 consulariS,
1645 3249 1710 3297 et
1732 3248 1869 3296 tum
1888 3232 1953 3294 in
1974 3233 2200 3293 Senatu
2225 3231 2528 3319 princeps.

407 3358 520 3435 Hi,
554 3358 725 3444 quod
776 3359 841 3421 in
881 3360 1111 3424 invidia
1140 3386 1233 3425 res
1267 3378 1416 3441 erat,
1450 3358 1631 3425 fimul
1670 3375 1734 3422 et
1775 3357 1853 3421 ab
1885 3355 2181 3420 Numidis
2214 3354 2530 3435 obsecrati,

404 3483 610 3547 triduo
644 3486 851 3547 navim
880 3484 1204 3551 ascendere
1231 3516 1245 3551 :
1293 3488 1519 3552 deinde
1554 3486 1721 3550 brevi
1753 3484 2006 3547 Uticam
2038 3479 2298 3571 appulfi,
2329 3481 2531 3547 literas

407 3609 484 3673 ad
536 3608 915 3699 Jugurtham
966 3614 1262 3677 mittunt:
1340 3622 1381 3652 “
1418 3637 1609 3702 quam
1665 3610 1960 3675 ociffume
2015 3608 2095 3673 ad
2150 3610 2530 3697 provinciam
