2722 4146
405 266 532 327 118
923 261 999 323 C.
1084 258 1415 322 CRISPI
1492 257 2005 320 SALLUSTII

399 434 519 500 sese
567 433 837 499 habent:
895 434 961 495 in
1005 432 1256 495 victoria
1304 429 1401 496 vel
1450 432 1683 518 ignavis
1732 429 1979 518 gloriari
2025 428 2214 509 licet3
2271 427 2526 494 adversae

400 587 494 628 res
527 563 715 627 etiam
746 559 942 624 bonos
975 557 1337 622 detrectant.

1403 808 1549 862 LIV.

698 961 721 978 Α
739 936 1145 1014 ETELLUS‚
1203 935 1268 998 in
1325 933 1542 999 iisdem
1589 931 1791 999 castris
1848 933 2182 1022 quatriduo
2235 949 2530 1013 moratus,

537 1058 551 1072 ’
602 1060 616 1074 ‘
694 1084 703 1122 7-
782 1060 1015 1125 saucios
1057 1085 1206 1125 cum
1250 1085 1398 1125 cura
1439 1057 1662 1140 reficit,
1706 1061 1955 1125 meritos
1998 1061 2064 1124 in
2106 1057 2321 1149 praeliis
2358 1082 2533 1124 more

404 1314 534 1401 agit
588 1315 849 1402 grati'as3
928 1314 1232 1395 hortatur,
1289 1315 1371 1380 ad
1425 1332 1651 1394 cetera,
1709 1337 1845 1403 quae
1897 1312 2055 1378 levia
2109 1310 2270 1392 sunt,
2321 1336 2535 1402 parem

402 1441 684 1506 animum
726 1459 982 1530 gerant:
1041 1468 1155 1533 pro
1194 1444 1447 1508 victoria
1494 1440 1630 1506 satis
1666 1439 1804 1530 jam
1851 1456 2224 1530 pugnatum,
2265 1437 2535 1528 reliquos

403 1565 641 1631 labores
673 1591 788 1656 pro
821 1568 1026 1659 praeda
1071 1567 1223 1635 fore.
1320 1572 1569 1634 Tamen
1613 1569 1865 1632 interim
1908 1563 2248 1654 transfugas
2279 1582 2344 1631 et
2385 1564 2534 1631 alios

405 1710 814 1783 opportunOS,
863 1695 1176 1787 Jugurtha
1218 1696 1327 1761 ubi
1374 1699 1680 1784 gentium,
1726 1711 1835 1760 aut
1879 1693 2033 1783 quid
2074 1695 2353 1781 agitaret,
2387 1716 2535 1758 cum

408 1820 697 1910 paucisne
729 1820 897 1901 effet,
931 1846 1011 1887 an
1055 1824 1397 1887 exercitum
1441 1822 1715 1901 haberet,
1748 1822 1843 1885 uti
1888 1819 2005 1884 sese
2041 1821 2233 1885 victus
2275 1835 2534 1907 gereret,

405 1945 800 2035 exploratum
843 1945 1024 2012 mifit.
1143 1952 1235 2012 At
1280 1946 1384 2012 ille
1428 1946 1546 2011 sese
1596 1948 1662 2011 in
1713 1946 1853 2012 loca
1900 1945 2158 2012 saltuosa
2206 1963 2271 2011 et
2318 1963 2537 2011 natura

404 2074 647 2138 munita
662 2091 1002 2164 receperat,
1023 2074 1232 2163 ibique
1254 2074 1519 2162 cogebat
1536 2075 1900 2153 exercitum,
1921 2097 2185 2137 numero
2204 2071 2538 2139 hominum

405 2200 795 2291 ampliorem,
830 2202 933 2267 sed
965 2201 1257 2267 hebetem
1288 2198 1759 2289 infirmumque,
1786 2202 1917 2288 agri
1949 2225 2021 2265 ac
2052 2202 2288 2290 pecoris
2312 2200 2535 2290 magis»,

405 2352 597 2416 quam
645 2327 812 2407 belli,
858 2326 1183 2393 cultorem.
1282 2326 1360 2391 Id
1404 2350 1476 2391 ea
1515 2328 1709 2414 gratia
1745 2328 2086 2407 eveniebat,
2119 2326 2291 2417 quod
2323 2345 2552 2418 praeter‘

403 2456 602 2541 regios
653 2457 889 2543 equites
939 2479 1131 2519 nemo
1182 2455 1470 2518 omnium
1522 2454 1950 2519 Numidarum
1991 2478 2070 2519 ex
2122 2452 2276 2543 fuga
2323 2479 2536 2543 regem

408 2578 720 2668 sequitur3
771 2606 900 2670 quo
933 2580 1230 2671 cujusque
1263 2583 1505 2646 animus
1538 2579 1678 2660 fert,
1711 2605 1788 2645 eo
1821 2579 2184 2645 discedunt:
2235 2603 2440 2669 neque
2471 2581 2536 2646 id

408 2703 718 2792 flagitium
779 2707 1013 2773 militiae
1071 2708 1362 2774 ducitur:
1433 2711 1519 2773 ita
1582 2708 1641 2773 se
1706 2732 1907 2773 mores
1966 2707 2219 2775 habent.
2339 2709 2538 2795 Igitur

409 2832 724 2913 MetelluS,
757 2834 867 2898 ubi
903 2834 1072 2899 videt
1113 2836 1304 2899 etiam
1346 2852 1487 2900 tum
1530 2837 1688 2923 regis
1731 2837 2014 2900 animum
2057 2832 2332 2900 ferocem
2373 2833 2494 2899 effe
2511 2859 2535 2914 3

411 2957 647 3024 bellum
669 2963 971 3041 renovari,
998 2961 1194 3050 quod,
1220 2958 1334 3026 nifi
1358 2985 1436 3025 ex
1461 2959 1622 3025 illius
1654 2959 1954 3040 lubidine,
1982 2962 2114 3048 geri
2145 2984 2276 3024 non
2299 2959 2497 3050 poffet
2511 2985 2533 3040 3

413 3102 703 3174 praeterea
771 3089 1062 3176 iniquum
1125 3105 1441 3154 certamen
1516 3086 1628 3152 fibi
1691 3112 1839 3152 cum
1903 3085 2215 3165 hostibus3
2294 3087 2535 3151 minore

413 3211 787 3278 detrimento
811 3213 947 3279 illos
973 3218 1158 3296 vinci,
1184 3240 1378 3305 quam
1409 3215 1545 3279 suos
1571 3216 1814 3280 vincere
1838 3242 1855 3279 ε
1903 3213 2133 3294 statuit,
2158 3237 2288 3278 non
2318 3212 2537 3304 praeliis

412 3361 617 3425 neque
650 3339 716 3402 in
748 3342 902 3420 acie,
932 3339 1035 3406 sed
1072 3341 1195 3407 alio
1237 3367 1412 3408 more
1457 3340 1696 3407 bellum
1737 3340 2110 3429 gerundum.
2206 3342 2427 3428 Itaque
2469 3341 2537 3404 in

416 3467 484 3527 N
487 3463 734 3529 umidiae
759 3463 898 3530 loca
918 3466 1375 3556 opulentissima
1398 3469 1621 3557 pergit,
1642 3491 1818 3556 agros
1843 3465 2052 3546 vastat,
2072 3463 2270 3531 multa
2294 3463 2538 3530 castella

412 3606 476 3654 et
500 3590 752 3679 oppida,
778 3607 1009 3658 temere
1035 3596 1278 3659 munita
1310 3610 1419 3659 aut
1440 3591 1569 3658 fine
1595 3590 1894 3683 praefidio,
1920 3592 2088 3681 capit
2109 3590 2535 3680 incenditque,
