2722 4146
650 314 1047 376 BELLUM
1107 313 1895 402 JUGURTHINUM.
2205 335 2332 396 139

216 491 365 577 gati,
410 486 545 577 post
589 488 718 552 dies
768 488 1197 577 quadraginta,
1240 511 1431 575 quam
1478 510 1555 550 eo
1600 502 1862 550 ventum
1905 503 2055 566 erat,
2100 487 2337 577 oppido

215 614 409 679 modo
449 616 668 703 potiti:
719 615 923 703 praeda
954 616 1155 678 omnis
1187 638 1224 678 a
1254 611 1524 702 perfugis
1558 630 1847 702 corrupta
1878 612 1984 679 est.
2084 617 2138 678 Ii
2168 613 2336 703 post-

216 764 405 830 quam
426 763 677 805 murum
701 741 986 806 arietibus
1012 739 1178 805 feriri
1201 739 1416 828 resque
1437 739 1566 804 suas
1591 738 1839 805 afflictas
1858 741 2092 821 vident,
2114 766 2338 807 aurum

215 885 402 957 atque
434 885 762 955 argentum
794 883 857 931 et
888 866 1028 946 alia,
1050 889 1186 955 quae
1219 867 1420 954 prima
1451 865 1787 947 ducuntur,
1809 867 2073 932 domum
2103 870 2338 956 regiam

216 1010 652 1084 comportant:
710 993 818 1073 ibi,
850 995 997 1057 vino
1035 1009 1100 1057 et
1137 989 1334 1081 epulis
1379 995 1636 1072 onerati,
1670 992 1922 1083 illaque,
1958 1011 2021 1058 et
2050 994 2335 1074 domum,

216 1137 281 1185 et
321 1119 512 1185 semet
547 1121 680 1207 igni
721 1136 1177 1208 corrumpunt3
1238 1136 1321 1199 et,
1354 1144 1504 1208 quas
1536 1122 1677 1185 victi
1708 1120 1785 1185 ab
1816 1119 2088 1185 hostibus
2127 1145 2338 1210 poenas

216 1261 586 1325 metuerant,
620 1269 719 1310 eas
751 1243 863 1335 ipfi
895 1244 1168 1311 volentes
1200 1245 1573 1335 pependere.

1140 1624 1421 1678 LXXVII.

227 1754 257 1779 *¹
339 1764 447 1875 iij
393 1750 662 1871 RRED
727 1752 954 1840 pariter
1010 1774 1159 1816 cum
1214 1766 1396 1839 capta
1444 1746 1649 1813 Thala
1712 1747 1901 1836 legati
1963 1772 2041 1814 ex
2104 1750 2341 1840 oppido

235 1959 249 1975 .
305 1906 347 1989 μ’
398 1947 426 1976 V!
436 1867 524 1929 Q
588 1879 770 1966 Lepti
811 1877 893 1942 ad
948 1875 1282 1941 Metellum
1325 1892 1640 1955 venerant,
1684 1891 1948 1955 oranteS,
1996 1878 2090 1941 uti
2140 1874 2343 1966 praefi·

232 1978 252 1994 .
345 1928 527 2052 *¹⁹⁴AE

220 2132 580 2220 quemdam,
605 2129 930 2194 hominem
962 2127 1262 2207 nobilem,
1284 2126 1625 2208 factiosum,
1651 2131 1822 2194 novis
1853 2129 2032 2194 rebus
2065 2128 2340 2210 studere3

587 2003 763 2068 dium
827 2000 1310 2092 praefectumque
1374 2026 1451 2066 eo
1512 2003 1824 2066 mitteret·
1806 2049 1826 2083 ,
1916 2002 2342 2068 Hamilcarem

220 2257 539 2323 adversum
596 2280 784 2345 quem
837 2279 1043 2344 neque
1094 2256 1351 2344 imperia
1405 2253 1872 2342 magistratuum
1924 2279 2128 2344 neque
2178 2254 2344 2343 leges

218 2383 527 2450 valerent:
579 2387 646 2447 ni
677 2383 743 2446 id
776 2379 1106 2461 festinaret,
1140 2383 1206 2445 in
1239 2380 1483 2445 summo
1526 2379 1805 2470 periculo
1848 2380 2019 2445 suam
2062 2379 2343 2462 salutem,

220 2528 284 2576 et
314 2509 567 2575 illorum
596 2509 790 2574 socios
823 2506 975 2573 fore.
1074 2511 1247 2572 Nam
1281 2508 1593 2596 Leptitani
1625 2505 1759 2595 jam
1790 2506 1937 2571 inde
1970 2532 2006 2572 a
2035 2509 2343 2596 principio

220 2635 366 2701 belli
416 2633 783 2727 Jugurthini
839 2633 919 2698 ad
971 2631 1233 2698 Bestiam
1296 2632 1615 2698 consulem
1671 2651 1735 2698 et
1796 2632 2006 2723 postea
2067 2637 2342 2700 Romam

220 2760 527 2840 miserant,
585 2761 925 2824 amicitiam
978 2757 1458 2848 societatemque
1513 2776 1821 2847 rogatum.
1920 2760 2190 2840 Deinde,
2232 2760 2341 2826 ubi

220 2912 293 2952 ea
338 2889 685 2977 impetrata,
719 2886 956 2975 semper
1003 2885 1151 2950 boni
1206 2882 1543 2974 fidelesque
1595 2884 1889 2966 mansere,
1931 2903 1996 2951 et
2037 2892 2259 2953 cuncta
2305 2913 2344 2954 a

222 3011 439 3092 Bestia,
485 3010 746 3090 Albino,
786 3009 1174 3100 Metelloque
1213 3013 1513 3101 imperata
1558 3013 1791 3076 naviter
1822 3009 2118 3077 fecerant.
2218 3015 2342 3078 Ita-

222 3160 344 3224 que
392 3137 470 3201 ab
512 3138 881 3226 imperatore
927 3135 1129 3217 facile,
1163 3163 1299 3227 quae
1343 3138 1658 3228 petebant,
1697 3138 1926 3228 adepti.
2022 3139 2215 3205 Miffae
2263 3165 2341 3205 eo

221 3261 504 3328 cohortes
537 3266 842 3352 Ligurum
874 3281 1162 3354 quatuor,
1196 3283 1261 3331 et
1292 3270 1368 3332 C.
1393 3267 1639 3331 Annius
1672 3264 2009 3356 praefectus,
