2722 4146
679 313 1076 374 BELLUM
1139 310 1915 399 JUGURTHINUM.
2228 328 2355 390 137

237 487 578 576 fugatique.
650 487 925 551 Romani
956 483 1271 573 fignorum
1302 502 1366 549 et
1395 508 1711 550 armorum
1743 482 2063 572 aliquanto
2096 505 2359 547 numero

235 612 506 679 hostium
548 637 893 702 paucorum
935 613 1156 700 potiti:
1208 635 1355 676 nam
1386 609 1580 676 ferme
1617 610 1928 675 Numidas
1971 611 2037 674 in
2071 607 2357 674 omnibus

235 739 452 830 praeliis
484 741 678 827 magis
710 739 920 828 pedeS,
954 763 1145 827 quam
1176 762 1368 817 arma,
1403 752 1599 802 tutata
1629 736 1787 802 sunt.

1187 989 1408 1042 LXXV.

555 1120 616 1180 A
664 1113 809 1202 fuga
848 1112 1181 1205 Jugurtha,
1221 1111 1554 1203 impensius
1602 1113 1795 1179 modo
1842 1114 2021 1179 rebus
2068 1112 2185 1178 suis
2233 1110 2356 1178 dif-

598 1238 818 1320 fidenS,
853 1264 999 1304 cum
1037 1238 1309 1328 perfugis
1356 1256 1421 1304 et
1459 1258 1630 1329 parte
1682 1243 1992 1329 equitatus
2040 1242 2104 1304 in
2146 1238 2358 1304 solitu-

598 1367 793 1445 dineS,
818 1366 964 1433 dein
988 1363 1258 1430 Thalam
1290 1368 1585 1454 pervenit,
1620 1369 1684 1431 in
1718 1367 2025 1456 oppidum
2057 1390 2358 1454 magnum

235 1511 422 1582 atque
485 1492 878 1582 opulentum,
930 1491 1039 1555 ubi
1099 1490 1378 1580 plerique
1442 1490 1705 1556 thesauri
1766 1489 2166 1581 filiorumque
2230 1490 2359 1580 ejus

234 1619 467 1685 multus
514 1621 786 1709 pueritiae
835 1617 1035 1683 cultus
1079 1634 1227 1683 erat.
1325 1622 1480 1707 Qae
1521 1617 1849 1707 postquam
1880 1616 2143 1682 Metello
2182 1642 2360 1681 com-

235 1763 409 1837 perta
448 1745 608 1826 sunt,
642 1769 1025 1834 quamquam
1068 1746 1228 1808 inter
1269 1743 1540 1810 Thalam
1578 1742 1942 1834 flumenque
1980 1747 2359 1835 proximum,

235 1873 427 1963 spatio
488 1871 759 1937 millium
820 1873 1293 1960 quinquaginta,
1345 1870 1484 1936 loca
1547 1872 1718 1937 arida
1780 1889 1966 1961 atque
2017 1869 2178 1936 vasta
2239 1870 2358 1934 effe

235 2017 647 2089 cognoverat3
706 2017 938 2079 tamen,
971 1998 1074 2088 spe
1106 1998 1392 2088 patrandi
1426 1997 1594 2078 belli,
1627 1995 1676 2062 fi
1707 1997 1835 2087 ejus
1875 1997 2090 2087 oppidi
2128 2000 2359 2087 potitus

237 2125 417 2206 foret,
440 2128 639 2191 omnis
671 2125 1014 2215 asperitates
1046 2124 1467 2214 supervadere,
1488 2149 1561 2190 ac
1593 2142 1878 2190 naturam
1904 2127 2091 2190 etiam
2116 2126 2359 2190 vincere

237 2252 611 2340 aggreditur.
708 2252 905 2338 Igitur
936 2253 1147 2317 omnia
1183 2250 1474 2341 jumenta
1504 2252 1747 2317 sarcinis
1790 2251 1977 2317 levari
2007 2250 2213 2340 jubet,
2246 2249 2360 2316 nifi

236 2376 550 2443 frumento
580 2377 821 2441 dierum
853 2376 1112 2441 decem:
1174 2394 1451 2442 ceterum
1481 2395 1643 2443 utres
1675 2378 1869 2443 modo
1913 2394 1976 2442 et
2018 2376 2137 2443 alia
2186 2401 2358 2466 aquae

236 2504 462 2569 idonea
492 2504 741 2592 portari.
823 2506 1118 2567 Praeterea
1150 2504 1463 2591 conquirit
1493 2527 1571 2567 ex
1604 2505 1760 2591 agris
1793 2527 1985 2592 quam
2018 2502 2359 2592 plurimum

237 2629 435 2721 potest
482 2630 702 2694 domiti
749 2631 1011 2718 pecori8‚
1055 2653 1256 2717 eoque
1305 2631 1574 2718 imponit
1622 2629 1761 2695 vasa
1808 2628 2103 2718 cujusque
2160 2631 2357 2710 modi,

236 2758 340 2824 sed
387 2756 679 2848 pleraque
722 2755 948 2844 lignea,
983 2754 1243 2820 colled'ta
1285 2780 1362 2820 ex
1405 2759 1661 2843 tuguriis
1710 2755 2152 2821 Numidarum.
2251 2756 2358 2821 Ad

237 2883 361 2950 hoc
424 2881 722 2948 finitumis
784 2885 1069 2971 imperat,
1127 2883 1236 2970 qui
1291 2881 1349 2946 se
1406 2881 1541 2971 post
1603 2884 1759 2970 regis
1824 2880 2039 2969 fugam
2093 2882 2357 2947 Metello

238 3009 622 3087 dediderant,
668 3032 857 3096 quam
906 3006 1247 3097 plurimum
1294 3007 1551 3096 quisque
1600 3033 1772 3098 aquae
1816 3024 2086 3097 portaret
2104 3032 2124 3088 3
2190 3008 2357 3073 diem

238 3136 599 3225 locumque,
650 3135 758 3200 ubi
812 3133 1026 3224 praesto
1082 3132 1306 3213 forent,
1356 3135 1649 3224 praedicit.
1746 3134 1880 3223 Ipse
1937 3158 2015 3199 ex
2070 3130 2353 3213 flumine,

239 3288 429 3352 quam
462 3286 831 3352 proxumam
864 3261 1100 3350 oppido
1132 3285 1359 3349 aquam
1392 3260 1510 3325 effe
1543 3256 1722 3350 supra
1761 3260 2050 3340 diximm,
2072 3259 2361 3349 jumenta

241 3403 484 3466 onerat3
531 3411 608 3451 eo
644 3386 834 3451 modo
866 3385 1187 3452 instruetus
1220 3387 1301 3452 ad
1323 3386 1594 3452 Thalam
1619 3386 2041 3477 proficiscitur.
2111 3388 2360 3452 Deinde

239 3512 350 3577 ubi
396 3512 476 3576 ad
522 3511 587 3576 id
635 3510 760 3576 loci
789 3529 1067 3593 ventum,
1106 3537 1234 3602 quo
1284 3514 1580 3578 Numidis
1629 3530 2019 3604 praeceperat,
2061 3531 2125 3578 et
2172 3512 2361 3578 castra

242 3635 438 3727 posita
474 3639 836 3726 munitaque
879 3637 1059 3719 sunt3
1126 3658 1296 3706 tanta
1341 3657 1595 3731 repente
1644 3639 1806 3706 coelo
1855 3639 2029 3705 miffa
2068 3641 2153 3705 vis
2193 3663 2364 3728 aquae

1279 3792 1320 3831 T
