2722 4146
355 226 480 288 166
884 228 960 290 C.
1033 228 1356 289 CRISPI
1428 229 1945 292 SALLUSTII

349 417 522 488 tergo
548 399 819 464 hostibus
844 417 1151 465 venturos
1252 402 1510 464 Interim
1534 399 1723 481 Sulla,
1749 426 1938 490 quem
1963 403 2239 491 primum
2272 402 2473 470 hostes

347 530 696 615 attigerant,
729 525 1086 592 cohortatus
1119 527 1275 608 suos,
1310 529 1632 592 turmatim
1663 545 1727 593 et
1758 553 1947 617 quam
1991 553 2284 595 maxume
2318 555 2473 595 con-

349 651 515 717 fertis
559 655 732 742 equis
782 652 906 742 ipse
954 652 1182 743 aliique
1236 657 1492 719 Mauros
1541 653 1891 718 invadunt:
1952 657 2162 734 ceteri,
2214 657 2278 719 in
2331 655 2474 721 loco

348 796 689 859 manentes,
723 779 800 845 ab
821 779 1043 869 jaculis
1075 783 1316 845 eminus
1349 779 1572 845 emissis
1607 804 1866 870 corpora
1898 796 2129 868 tegere,
2163 797 2246 860 et,
2280 778 2327 844 fi
2365 783 2475 870 qui

347 908 411 970 in
467 930 687 970 manus
742 923 1058 988 venerant,
1118 907 1506 972 obtruncare.
1605 911 1782 972 Dum
1843 931 1920 972 eo
1982 907 2176 971 modo
2239 910 2475 996 equites

346 1032 720 1123 praeliantur,
773 1033 1055 1098 Bocchus
1104 1059 1251 1099 cum
1296 1034 1628 1124 peditibuS,
1682 1058 1838 1123 quos
1876 1032 2082 1098 Volux
2133 1031 2297 1099 filius
2345 1034 2474 1124 ejus

347 1161 689 1226 adduxerat
721 1162 950 1250 (neque
995 1163 1059 1226 in
1103 1162 1306 1251 priore
1346 1185 1580 1251 pugna,
1614 1162 1679 1225 in
1720 1163 1938 1225 itinere
1979 1163 2221 1241 morati,
2255 1159 2477 1227 adfue-

347 1290 529 1375 rant),
563 1287 937 1377 postremam
984 1293 1420 1354 Romanorum
1464 1289 1663 1353 aciem
1707 1288 2027 1353 invadunt.
2126 1291 2298 1352 Tum
2330 1292 2476 1355 Ma-

347 1417 469 1479 rius
518 1416 682 1505 apud
730 1417 959 1505 primos
1008 1415 1251 1504 agebat,
1298 1415 1470 1504 quod
1514 1415 1600 1479 ibi
1638 1414 1952 1507 Jugurtha
1999 1440 2145 1479 cum
2198 1414 2476 1505 plurimis

348 1560 496 1607 erat.
597 1544 763 1607 Dein
824 1543 1128 1622 Numida,
1178 1544 1434 1630 cognito
1482 1541 1718 1607 Bocchi
1767 1544 2060 1623 adventu,
2114 1543 2277 1609 clam
2329 1569 2476 1609 cum

348 1671 559 1759 paucis
590 1670 669 1734 ad
703 1670 939 1759 pedites
973 1671 1313 1734 convertit:
1365 1668 1451 1733 ibi
1497 1671 1716 1733 Latine
1751 1671 1920 1756 (nam
1969 1670 2137 1758 apud
2178 1675 2247 1735 N
2251 1695 2476 1736 uman-

348 1798 500 1860 tiam
543 1795 720 1885 loqui
764 1797 1086 1884 didicerat)
1138 1794 1483 1860 exclamat:
1536 1805 1577 1835 “
1601 1794 1835 1860 nostros
1888 1795 2105 1862 frustra
2152 1822 2474 1887 pugnare3

349 1923 561 2013 paullo
593 1942 736 1988 ante
770 1925 1046 1988 Marium
1079 1923 1183 1988 sua
1215 1947 1405 1987 manu
1439 1921 1926 2002 interfectum3’'
1974 1921 2156 1989 fimul
2197 1924 2476 2013 gladium

349 2050 642 2139 sanguine
692 2049 960 2115 oblitum
1005 2049 1347 2129 ostendere,
1392 2074 1582 2138 quem
1633 2052 1698 2114 in
1750 2074 1986 2139 pugna,
2032 2049 2166 2115 satis
2214 2053 2476 2141 impigre

349 2177 551 2242 occiso
577 2178 784 2266 pedite
812 2176 1043 2257 nostre,
1072 2193 1515 2242 cruentaverat.
1576 2176 1769 2265 Qod
1788 2177 1898 2241 ubi
1919 2176 2142 2242 milites
2159 2202 2477 2268 accepere,

348 2307 542 2392 magis
581 2307 901 2368 atrocitate
945 2307 1055 2385 rei,
1090 2329 1281 2394 quam
1320 2301 1447 2368 fide
1496 2305 1734 2384 nuncii,
1774 2320 2119 2369 terrentur:
2169 2301 2476 2395 fimulque
2515 2346 2519 2350 -

351 2432 586 2496 barbari
618 2434 856 2496 animos
891 2430 1105 2496 tollere
1138 2449 1201 2497 et
1232 2434 1297 2496 in
1343 2430 1646 2521 perculsos
1697 2435 2017 2495 Romanos
2061 2433 2259 2496 acrius
2302 2434 2475 2497 ince-

348 2558 511 2623 dere.
612 2563 830 2647 Itaque
858 2557 1141 2647 paullum
1168 2584 1204 2623 a
1229 2557 1376 2647 fiiga
1401 2558 1676 2638 aberant,
1698 2582 1898 2646 quum
1923 2557 2111 2638 Sulla,
2138 2555 2476 2648 profligatis

348 2687 440 2765 iis,
475 2710 631 2774 quos
675 2685 997 2750 adversum
1040 2687 1213 2766 ierat,
1259 2685 1524 2765 rediens,
1567 2685 1644 2749 ab
1688 2684 1875 2749 latere
1920 2687 2156 2750 Mauris
2198 2687 2473 2751 incurrit.

351 2812 635 2878 Bocchus
669 2812 871 2878 statim
904 2815 1213 2878 avertitur.
1316 2817 1404 2876 At
1435 2810 1769 2903 Jugurtha,
1795 2812 1948 2878 dum
1979 2810 2309 2876 sustentare
2340 2811 2475 2876 suos

348 2959 411 3004 et
447 2965 639 3029 prope
661 2939 797 3029 jam
828 2940 1120 3029 adeptam
1153 2940 1468 3003 victoriam
1500 2940 1761 3003 retinere
1793 2939 1987 3027 cupit,
2021 2939 2474 3002 circumventus

350 3067 427 3132 ab
460 3066 790 3155 equitibuS,
825 3067 1058 3146 dextra,
1093 3064 1324 3131 finistra
1363 3065 1651 3130 omnibus
1692 3061 1926 3143 occifiS,
1960 3062 2120 3128 solus
2162 3065 2322 3126 inter
2353 3061 2475 3128 tela

351 3192 621 3257 hostium
653 3193 1024 3258 vitabundus
1057 3194 1347 3281 erumpit.
1447 3196 1661 3279 Atque
1694 3192 1942 3254 interim
1966 3190 2223 3268 MariuS,
2250 3187 2473 3276 fugatis

352 3320 682 3407 equitibus,
735 3322 1001 3384 accurrit
1056 3317 1285 3384 auxilio
1338 3316 1476 3396 suis,
1534 3340 1690 3404 quos
1746 3313 1896 3404 pelli
1939 3313 2076 3402 jam
2129 3333 2469 3403 acceperat.

352 3448 643 3534 Denique
677 3444 877 3510 hostes
898 3445 1035 3534 jam
1066 3434 1345 3534 undique
1381 3441 1516 3508 fufi.
1617 3446 1790 3506 Tum
1828 3438 2243 3530 spectaculum
2273 3439 2472 3506 horri-

351 3569 470 3634 bile
506 3572 570 3633 in
611 3571 843 3658 campis
888 3570 1276 3658 patentibus:
1328 3570 1519 3659 sequi,
1562 3567 1799 3656 fugere,
1839 3566 2064 3645 occidi,
2098 3568 2275 3655 capi3
2327 3571 2472 3656 equi
