2722 4146
668 313 1061 375 BELLUM
1126 314 1915 402 JUGURTHINUM.
2226 335 2352 397 107

1180 741 1388 795 XLIII.

512 1039 515 1042 -
475 993 682 1125 {Q
724 987 1016 1056 Metellus
1071 1008 1136 1056 et
1199 994 1294 1057 M.
1354 990 1613 1069 SilanuS‚
1672 989 1969 1055 Consules
2026 989 2346 1079 designati,

507 1116 927 1202 provincias
968 1117 1129 1180 inter
1176 1117 1235 1182 se
1286 1118 1696 1206 partiverant.
1765 1116 2152 1206 Metelloque
2199 1121 2269 1181 N
2270 1143 2346 1181 u-

219 1236 412 1302 midia
472 1257 778 1319 evenerat,
844 1243 968 1307 acri
1030 1245 1184 1323 viro,
1248 1261 1312 1309 et
1365 1267 1749 1332 quamquam
1812 1242 2061 1308 adverso
2126 1243 2345 1333 populi

218 1362 511 1449 partibUS,
545 1362 711 1429 fama
742 1382 952 1431 tamen
990 1368 1275 1456 aequabili
1306 1387 1370 1434 et
1411 1368 1721 1435 inviolata.
1820 1373 1879 1433 Is
1918 1370 2027 1434 ubi
2070 1372 2344 1458 primum

216 1485 634 1575 magistratum
680 1491 976 1578 ingreffus
1005 1492 1113 1574 est,
1145 1494 1265 1561 alia
1295 1497 1508 1560 omnia
1551 1493 1663 1560 fibi
1701 1519 1850 1559 cum
1882 1494 2124 1583 collega
2165 1520 2341 1561 com-

215 1616 430 1680 munia
453 1632 639 1696 ratuS,
665 1617 745 1682 ad
779 1616 1036 1699 bellum,
1062 1621 1236 1709 quod
1266 1621 1542 1710 gesturus
1566 1638 1717 1701 erat,
1743 1623 2025 1686 animum
2050 1623 2336 1688 intendit.

216 1744 433 1829 Igitur,
455 1741 742 1809 diffidens
766 1748 956 1811 veteri
979 1749 1297 1828 exercitui,
1319 1746 1542 1814 milites
1562 1748 1841 1828 scribere,
1863 1747 2135 1838 praefidia
2153 1750 2339 1814 undi-

214 1890 337 1956 que
360 1869 662 1935 accersere
686 1898 702 1935 ε
744 1895 937 1951 arma,
957 1871 1103 1954 tela,
1129 1898 1344 1963 eqUOS,
1370 1892 1434 1940 et
1458 1891 1662 1941 cetera
1680 1874 2084 1942 instrumenta
2108 1876 2337 1942 militiae

211 2018 462 2084 parare:
520 1996 602 2062 ad
649 1995 774 2063 hoc
814 2015 1239 2065 commeatum
1279 1998 1555 2066 affatim:
1610 2000 1880 2089 denique
1926 2004 2158 2081 omnia,
2203 2026 2337 2090 quae

211 2121 276 2185 in
329 2119 495 2186 bello
543 2124 710 2187 vario
763 2141 826 2188 et
873 2124 1215 2191 multarum
1264 2151 1472 2191 rerum
1513 2130 1722 2215 egenti
1769 2127 1904 2192 usui
1951 2128 2069 2193 effe
2118 2127 2333 2193 solent.

212 2248 512 2312 Ceterum
543 2247 623 2312 ad
647 2273 721 2314 ea
751 2251 1074 2338 patranda,
1102 2256 1360 2317 Senatus
1394 2255 1774 2334 auctoritate,
1801 2253 1947 2318 socii
1978 2278 2336 2343 nomenque

212 2374 505 2439 Latinum
530 2391 593 2439 et
621 2399 793 2463 reges
824 2376 991 2443 ultro
1015 2377 1242 2444 auxilia
1272 2381 1540 2459 mittere,
1561 2377 1871 2469 postremo
1896 2383 2097 2445 omnis
2124 2384 2332 2446 civitas

209 2495 451 2562 summo
502 2497 704 2565 studio
754 2501 1165 2569 adnitebatur.
1275 2509 1517 2593 Itaque,
1568 2529 1642 2569 ex
1693 2504 1993 2570 sententia
2044 2506 2332 2571 omnibus

206 2622 384 2688 rebus
404 2627 625 2713 paratis
646 2625 1145 2718 compositisque,
1168 2631 1233 2694 in
1257 2631 1630 2696 Numidiam
1651 2628 2080 2720 proficiscitur,
2105 2656 2330 2720 magna

208 2746 310 2836 spe
353 2751 606 2829 civium,
639 2775 837 2839 quum
880 2771 1133 2843 propter
1176 2755 1366 2821 bonas
1410 2773 1587 2835 arteS‚
1634 2773 1768 2821 tum
1812 2780 2123 2836 maxume,
2157 2758 2329 2846 quod

209 2874 527 2940 adversum
589 2876 826 2942 divitias
897 2881 1195 2946 invictum
1273 2887 1555 2948 animum
1620 2883 1891 2970 gerebat,
1957 2899 2019 2947 et
2081 2886 2328 2949 avaritia

208 2999 675 3088 magistratuum
717 3021 860 3068 ante
892 3005 959 3069 id
1001 3023 1244 3096 tempus
1286 3011 1352 3074 in
1391 3009 1697 3074 Numidia
1740 3008 1954 3074 nosttae
1988 3034 2135 3099 opes
2169 3036 2324 3076 con-

208 3126 370 3208 tusae,
403 3127 798 3219 hostiumque
831 3137 1018 3197 auctae
1052 3150 1244 3199 erant.
