<?xml version="1.0" encoding="UTF-8"?>
<!DOCTYPE html PUBLIC "-//W3C//DTD XHTML 1.0 Transitional//EN"
    "http://www.w3.org/TR/xhtml1/DTD/xhtml1-transitional.dtd">
<html xmlns="http://www.w3.org/1999/xhtml" xml:lang="en" lang="en">
 <head>
  <title>
</title>
<meta http-equiv="Content-Type" content="text/html;charset=utf-8" />
  <meta name='ocr-system' content='tesseract 3.04.00' />
  <meta name='ocr-capabilities' content='ocr_page ocr_carea ocr_par ocr_line ocrx_word'/>
</head>
<body>
  <div class='ocr_page' id='page_1' title='image "./operaquaeextanta00salluoft_0057.png"; bbox 0 0 2722 4146; ppageno 0'>
   <div class='ocr_carea' id='block_1_1' title="bbox 999 303 2334 384">
    <p class='ocr_par' dir='ltr' id='par_1_1' title="bbox 999 303 2334 384">
     <span class='ocr_line' id='line_1_1' title="bbox 999 303 2334 384; baseline -0.001 -18"><span class='ocrx_word' id='word_1_1' title='bbox 999 303 1528 366; x_wconf 84' lang='lat' dir='ltr'><strong>CATILINA.</strong></span> <span class='ocrx_word' id='word_1_2' title='bbox 2247 325 2334 384; x_wconf 84' lang='lat'><strong>47</strong></span> 
     </span>
    </p>
   </div>
   <div class='ocr_carea' id='block_1_2' title="bbox 193 476 2334 2591">
    <p class='ocr_par' dir='ltr' id='par_1_2' title="bbox 193 476 2334 2591">
     <span class='ocr_line' id='line_1_2' title="bbox 203 476 2334 567; baseline 0.001 -26"><span class='ocrx_word' id='word_1_3' title='bbox 203 478 446 542; x_wconf 91' lang='lat' dir='ltr'><strong>summo</strong></span> <span class='ocrx_word' id='word_1_4' title='bbox 488 476 690 543; x_wconf 90' lang='lat' dir='ltr'><strong>studio</strong></span> <span class='ocrx_word' id='word_1_5' title='bbox 731 478 906 543; x_wconf 94' lang='lat' dir='ltr'><strong>domi</strong></span> <span class='ocrx_word' id='word_1_6' title='bbox 953 477 1483 567; x_wconf 82' lang='lat' dir='ltr'><strong>exsequebantur3</strong></span> <span class='ocrx_word' id='word_1_7' title='bbox 1543 478 1790 557; x_wconf 90' lang='lat' dir='ltr'><strong>imitari,</strong></span> <span class='ocrx_word' id='word_1_8' title='bbox 1830 502 2021 566; x_wconf 89' lang='lat' dir='ltr'><strong>quam</strong></span> <span class='ocrx_word' id='word_1_9' title='bbox 2062 478 2334 543; x_wconf 90' lang='lat' dir='ltr'><strong>invidere</strong></span> 
     </span>
     <span class='ocr_line' id='line_1_3' title="bbox 204 603 2331 694; baseline 0.001 -25"><span class='ocrx_word' id='word_1_10' title='bbox 204 604 400 684; x_wconf 79' lang='lat' dir='ltr'><strong>boniS,</strong></span> <span class='ocrx_word' id='word_1_11' title='bbox 446 603 774 670; x_wconf 85' lang='lat' dir='ltr'><strong>malebant.</strong></span> <span class='ocrx_word' id='word_1_12' title='bbox 874 605 994 670; x_wconf 91' lang='lat' dir='ltr'><strong>Sed</strong></span> <span class='ocrx_word' id='word_1_13' title='bbox 1035 605 1260 670; x_wconf 84' lang='lat' dir='ltr'><strong>eodem</strong></span> <span class='ocrx_word' id='word_1_14' title='bbox 1303 603 1412 670; x_wconf 90' lang='lat' dir='ltr'><strong>illo</strong></span> <span class='ocrx_word' id='word_1_15' title='bbox 1453 622 1757 694; x_wconf 91' lang='lat' dir='ltr'><strong>tempore,</strong></span> <span class='ocrx_word' id='word_1_16' title='bbox 1795 608 2043 671; x_wconf 83' lang='lat' dir='ltr'><strong>Graeciae</strong></span> <span class='ocrx_word' id='word_1_17' title='bbox 2089 631 2331 671; x_wconf 91' lang='lat' dir='ltr'><strong>morem</strong></span> 
     </span>
     <span class='ocr_line' id='line_1_4' title="bbox 201 730 2328 811; baseline 0.001 -16"><span class='ocrx_word' id='word_1_18' title='bbox 201 732 445 811; x_wconf 88' lang='lat' dir='ltr'><strong>imitati,</strong></span> <span class='ocrx_word' id='word_1_19' title='bbox 478 730 823 796; x_wconf 89' lang='lat' dir='ltr'><strong>verberibus</strong></span> <span class='ocrx_word' id='word_1_20' title='bbox 855 731 1426 796; x_wconf 87' lang='lat' dir='ltr'><strong>animadvertebant</strong></span> <span class='ocrx_word' id='word_1_21' title='bbox 1455 733 1520 796; x_wconf 93' lang='lat' dir='ltr'><strong>in</strong></span> <span class='ocrx_word' id='word_1_22' title='bbox 1546 733 1705 797; x_wconf 91' lang='lat' dir='ltr'><strong>cives</strong></span> <span class='ocrx_word' id='word_1_23' title='bbox 1727 758 1747 811; x_wconf 85' lang='lat'>3</span> <span class='ocrx_word' id='word_1_24' title='bbox 1798 733 1876 796; x_wconf 92' lang='lat' dir='ltr'><strong>de</strong></span> <span class='ocrx_word' id='word_1_25' title='bbox 1901 732 2328 797; x_wconf 88' lang='lat' dir='ltr'><strong>condemnatis</strong></span> 
     </span>
     <span class='ocr_line' id='line_1_5' title="bbox 200 856 2329 948; baseline 0.001 -26"><span class='ocrx_word' id='word_1_26' title='bbox 200 857 512 923; x_wconf 90' lang='lat' dir='ltr'><strong>summum</strong></span> <span class='ocrx_word' id='word_1_27' title='bbox 530 858 902 948; x_wconf 91' lang='lat' dir='ltr'><strong>supplicium</strong></span> <span class='ocrx_word' id='word_1_28' title='bbox 921 857 1262 923; x_wconf 89' lang='lat' dir='ltr'><strong>sumebant.</strong></span> <span class='ocrx_word' id='word_1_29' title='bbox 1327 856 1662 947; x_wconf 90' lang='lat' dir='ltr'><strong>Postquam</strong></span> <span class='ocrx_word' id='word_1_30' title='bbox 1682 858 2022 948; x_wconf 89' lang='lat' dir='ltr'><strong>respublica</strong></span> <span class='ocrx_word' id='word_1_31' title='bbox 2040 859 2329 940; x_wconf 89' lang='lat' dir='ltr'><strong>adolevit,</strong></span> 
     </span>
     <span class='ocr_line' id='line_1_6' title="bbox 199 983 2328 1067; baseline 0.001 -18"><span class='ocrx_word' id='word_1_32' title='bbox 199 1002 264 1050; x_wconf 91' lang='lat' dir='ltr'><strong>et</strong></span> <span class='ocrx_word' id='word_1_33' title='bbox 303 985 703 1050; x_wconf 89' lang='lat' dir='ltr'><strong>multitudine</strong></span> <span class='ocrx_word' id='word_1_34' title='bbox 741 987 972 1050; x_wconf 89' lang='lat' dir='ltr'><strong>civium</strong></span> <span class='ocrx_word' id='word_1_35' title='bbox 1019 983 1313 1050; x_wconf 70' lang='lat' dir='ltr'><strong>factiones</strong></span> <span class='ocrx_word' id='word_1_36' title='bbox 1363 985 1631 1067; x_wconf 90' lang='lat' dir='ltr'><strong>valuere,</strong></span> <span class='ocrx_word' id='word_1_37' title='bbox 1674 989 2106 1052; x_wconf 90' lang='lat' dir='ltr'><strong>circumveniri</strong></span> <span class='ocrx_word' id='word_1_38' title='bbox 2142 989 2328 1052; x_wconf 89' lang='lat' dir='ltr'><strong>inno-</strong></span> 
     </span>
     <span class='ocr_line' id='line_1_7' title="bbox 199 1109 2327 1201; baseline 0 -26"><span class='ocrx_word' id='word_1_39' title='bbox 199 1129 428 1190; x_wconf 79' lang='lat' dir='ltr'><strong>centeS,</strong></span> <span class='ocrx_word' id='word_1_40' title='bbox 461 1110 579 1176; x_wconf 92' lang='lat' dir='ltr'><strong>alia</strong></span> <span class='ocrx_word' id='word_1_41' title='bbox 608 1110 1039 1200; x_wconf 90' lang='lat' dir='ltr'><strong>hujuscemodi</strong></span> <span class='ocrx_word' id='word_1_42' title='bbox 1072 1109 1210 1176; x_wconf 88' lang='lat' dir='ltr'><strong>fieri</strong></span> <span class='ocrx_word' id='word_1_43' title='bbox 1248 1137 1529 1201; x_wconf 86' lang='lat' dir='ltr'><strong>coepere:</strong></span> <span class='ocrx_word' id='word_1_44' title='bbox 1590 1130 1741 1178; x_wconf 89' lang='lat' dir='ltr'><strong>tunc</strong></span> <span class='ocrx_word' id='word_1_45' title='bbox 1777 1113 1877 1178; x_wconf 83' lang='lat' dir='ltr'><strong>lex</strong></span> <span class='ocrx_word' id='word_1_46' title='bbox 1912 1115 2131 1178; x_wconf 89' lang='lat' dir='ltr'><strong>Porcia</strong></span> <span class='ocrx_word' id='word_1_47' title='bbox 2169 1112 2327 1177; x_wconf 86' lang='lat' dir='ltr'><strong>aliae-</strong></span> 
     </span>
     <span class='ocr_line' id='line_1_8' title="bbox 198 1236 2327 1326; baseline 0 -25"><span class='ocrx_word' id='word_1_48' title='bbox 198 1261 321 1325; x_wconf 91' lang='lat' dir='ltr'><strong>que</strong></span> <span class='ocrx_word' id='word_1_49' title='bbox 353 1236 518 1324; x_wconf 89' lang='lat' dir='ltr'><strong>leges</strong></span> <span class='ocrx_word' id='word_1_50' title='bbox 555 1253 777 1326; x_wconf 89' lang='lat' dir='ltr'><strong>paratae</strong></span> <span class='ocrx_word' id='word_1_51' title='bbox 819 1236 978 1316; x_wconf 90' lang='lat' dir='ltr'><strong>sunt,</strong></span> <span class='ocrx_word' id='word_1_52' title='bbox 1013 1237 1238 1326; x_wconf 93' lang='lat' dir='ltr'><strong>quibus</strong></span> <span class='ocrx_word' id='word_1_53' title='bbox 1270 1236 1508 1325; x_wconf 86' lang='lat' dir='ltr'><strong>legibus</strong></span> <span class='ocrx_word' id='word_1_54' title='bbox 1555 1236 1813 1302; x_wconf 85' lang='lat' dir='ltr'><strong>exilium</strong></span> <span class='ocrx_word' id='word_1_55' title='bbox 1844 1238 2147 1302; x_wconf 90' lang='lat' dir='ltr'><strong>damnatis</strong></span> <span class='ocrx_word' id='word_1_56' title='bbox 2184 1262 2327 1326; x_wconf 89' lang='lat' dir='ltr'><strong>per-</strong></span> 
     </span>
     <span class='ocr_line' id='line_1_9' title="bbox 197 1362 2326 1453; baseline 0 -26"><span class='ocrx_word' id='word_1_57' title='bbox 197 1363 445 1428; x_wconf 85' lang='lat' dir='ltr'><strong>miffum</strong></span> <span class='ocrx_word' id='word_1_58' title='bbox 468 1362 572 1428; x_wconf 92' lang='lat' dir='ltr'><strong>est.</strong></span> <span class='ocrx_word' id='word_1_59' title='bbox 672 1367 1013 1451; x_wconf 80' lang='lat' dir='ltr'><strong>Hanc&#39;ego</strong></span> <span class='ocrx_word' id='word_1_60' title='bbox 1037 1362 1330 1441; x_wconf 84' lang='lat' dir='ltr'><strong>cauffam,</strong></span> <span class='ocrx_word' id='word_1_61' title='bbox 1357 1366 1565 1428; x_wconf 89' lang='lat' dir='ltr'><strong>Patres</strong></span> <span class='ocrx_word' id='word_1_62' title='bbox 1590 1363 1941 1453; x_wconf 86' lang='lat' dir='ltr'><strong>conscripti,</strong></span> <span class='ocrx_word' id='word_1_63' title='bbox 1969 1388 2096 1452; x_wconf 92' lang='lat' dir='ltr'><strong>quo</strong></span> <span class='ocrx_word' id='word_1_64' title='bbox 2123 1365 2326 1428; x_wconf 91' lang='lat' dir='ltr'><strong>minus</strong></span> 
     </span>
     <span class='ocr_line' id='line_1_10' title="bbox 196 1488 2329 1581; baseline -0.001 -26"><span class='ocrx_word' id='word_1_65' title='bbox 196 1515 430 1556; x_wconf 90' lang='lat' dir='ltr'><strong>novum</strong></span> <span class='ocrx_word' id='word_1_66' title='bbox 462 1488 789 1556; x_wconf 89' lang='lat' dir='ltr'><strong>confilium</strong></span> <span class='ocrx_word' id='word_1_67' title='bbox 833 1493 1170 1581; x_wconf 78' lang='lat' dir='ltr'><strong>capiamuS,</strong></span> <span class='ocrx_word' id='word_1_68' title='bbox 1203 1492 1269 1554; x_wconf 91' lang='lat' dir='ltr'><strong>in</strong></span> <span class='ocrx_word' id='word_1_69' title='bbox 1309 1490 1520 1578; x_wconf 89' lang='lat' dir='ltr'><strong>primis</strong></span> <span class='ocrx_word' id='word_1_70' title='bbox 1559 1514 1853 1578; x_wconf 89' lang='lat' dir='ltr'><strong>magnam</strong></span> <span class='ocrx_word' id='word_1_71' title='bbox 1897 1507 2073 1579; x_wconf 78' lang='lat' dir='ltr'><strong>puto,</strong></span> <span class='ocrx_word' id='word_1_72' title='bbox 2175 1493 2329 1553; x_wconf 91' lang='lat' dir='ltr'><strong>Pro-</strong></span> 
     </span>
     <span class='ocr_line' id='line_1_11' title="bbox 196 1615 2328 1707; baseline -0.001 -25"><span class='ocrx_word' id='word_1_73' title='bbox 196 1615 359 1682; x_wconf 66' lang='lat' dir='ltr'><strong>fecto</strong></span> <span class='ocrx_word' id='word_1_74' title='bbox 397 1619 582 1682; x_wconf 89' lang='lat' dir='ltr'><strong>virtus</strong></span> <span class='ocrx_word' id='word_1_75' title='bbox 625 1634 812 1707; x_wconf 91' lang='lat' dir='ltr'><strong>atque</strong></span> <span class='ocrx_word' id='word_1_76' title='bbox 860 1616 1153 1707; x_wconf 87' lang='lat' dir='ltr'><strong>sapientia</strong></span> <span class='ocrx_word' id='word_1_77' title='bbox 1193 1615 1391 1706; x_wconf 88' lang='lat' dir='ltr'><strong>major</strong></span> <span class='ocrx_word' id='word_1_78' title='bbox 1432 1618 1499 1681; x_wconf 91' lang='lat' dir='ltr'><strong>in</strong></span> <span class='ocrx_word' id='word_1_79' title='bbox 1539 1616 1657 1682; x_wconf 90' lang='lat' dir='ltr'><strong>illis</strong></span> <span class='ocrx_word' id='word_1_80' title='bbox 1695 1616 1833 1696; x_wconf 89' lang='lat' dir='ltr'><strong>fuit,</strong></span> <span class='ocrx_word' id='word_1_81' title='bbox 1868 1619 1977 1706; x_wconf 88' lang='lat' dir='ltr'><strong>qui</strong></span> <span class='ocrx_word' id='word_1_82' title='bbox 2016 1639 2090 1680; x_wconf 86' lang='lat' dir='ltr'><strong>ex</strong></span> <span class='ocrx_word' id='word_1_83' title='bbox 2133 1618 2328 1705; x_wconf 90' lang='lat' dir='ltr'><strong>parvis</strong></span> 
     </span>
     <span class='ocr_line' id='line_1_12' title="bbox 194 1742 2327 1834; baseline -0.001 -26"><span class='ocrx_word' id='word_1_84' title='bbox 194 1743 413 1833; x_wconf 91' lang='lat' dir='ltr'><strong>opibus</strong></span> <span class='ocrx_word' id='word_1_85' title='bbox 447 1760 690 1809; x_wconf 89' lang='lat' dir='ltr'><strong>tantum</strong></span> <span class='ocrx_word' id='word_1_86' title='bbox 723 1746 1055 1834; x_wconf 92' lang='lat' dir='ltr'><strong>imperium</strong></span> <span class='ocrx_word' id='word_1_87' title='bbox 1098 1742 1321 1823; x_wconf 90' lang='lat' dir='ltr'><strong>fecere,</strong></span> <span class='ocrx_word' id='word_1_88' title='bbox 1354 1767 1546 1832; x_wconf 89' lang='lat' dir='ltr'><strong>quam</strong></span> <span class='ocrx_word' id='word_1_89' title='bbox 1577 1745 1643 1807; x_wconf 90' lang='lat' dir='ltr'><strong>in</strong></span> <span class='ocrx_word' id='word_1_90' title='bbox 1682 1742 1881 1822; x_wconf 75' lang='lat' dir='ltr'><strong>nobi8‚</strong></span> <span class='ocrx_word' id='word_1_91' title='bbox 1916 1744 2025 1831; x_wconf 90' lang='lat' dir='ltr'><strong>qui</strong></span> <span class='ocrx_word' id='word_1_92' title='bbox 2065 1767 2138 1807; x_wconf 92' lang='lat' dir='ltr'><strong>ea</strong></span> <span class='ocrx_word' id='word_1_93' title='bbox 2170 1742 2327 1806; x_wconf 89' lang='lat' dir='ltr'><strong>bene</strong></span> 
     </span>
     <span class='ocr_line' id='line_1_13' title="bbox 194 1869 2327 1960; baseline -0.002 -25"><span class='ocrx_word' id='word_1_94' title='bbox 194 1888 366 1960; x_wconf 90' lang='lat' dir='ltr'><strong>parta</strong></span> <span class='ocrx_word' id='word_1_95' title='bbox 413 1872 513 1934; x_wconf 85' lang='lat' dir='ltr'><strong>vix</strong></span> <span class='ocrx_word' id='word_1_96' title='bbox 561 1872 916 1935; x_wconf 80' lang='lat' dir='ltr'><strong>retinemus,</strong></span> <span class='ocrx_word' id='word_1_97' title='bbox 1039 1869 1253 1935; x_wconf 86' lang='lat' dir='ltr'><strong>Placet</strong></span> <span class='ocrx_word' id='word_1_98' title='bbox 1299 1872 1508 1958; x_wconf 86' lang='lat' dir='ltr'><strong>igitur,</strong></span> <span class='ocrx_word' id='word_1_99' title='bbox 1551 1895 1655 1934; x_wconf 89' lang='lat' dir='ltr'><strong>eos</strong></span> <span class='ocrx_word' id='word_1_100' title='bbox 1704 1870 1953 1948; x_wconf 92' lang='lat' dir='ltr'><strong>dimitti,</strong></span> <span class='ocrx_word' id='word_1_101' title='bbox 2006 1886 2069 1933; x_wconf 90' lang='lat' dir='ltr'><strong>et</strong></span> <span class='ocrx_word' id='word_1_102' title='bbox 2117 1870 2327 1955; x_wconf 86' lang='lat' dir='ltr'><strong>augeri</strong></span> 
     </span>
     <span class='ocr_line' id='line_1_14' title="bbox 193 1993 2326 2083; baseline -0.002 -21"><span class='ocrx_word' id='word_1_103' title='bbox 193 1998 534 2062; x_wconf 84' lang='lat' dir='ltr'><strong>exercitum</strong></span> <span class='ocrx_word' id='word_1_104' title='bbox 567 1996 899 2062; x_wconf 85' lang='lat' dir='ltr'><strong>Catilinae?</strong></span> <span class='ocrx_word' id='word_1_105' title='bbox 972 1998 1306 2076; x_wconf 84' lang='lat' dir='ltr'><strong>Minume3</strong></span> <span class='ocrx_word' id='word_1_106' title='bbox 1359 1996 1460 2061; x_wconf 91' lang='lat' dir='ltr'><strong>sed</strong></span> <span class='ocrx_word' id='word_1_107' title='bbox 1498 1998 1584 2060; x_wconf 89' lang='lat' dir='ltr'><strong>ita</strong></span> <span class='ocrx_word' id='word_1_108' title='bbox 1617 1994 1876 2061; x_wconf 91' lang='lat' dir='ltr'><strong>censeo:</strong></span> <span class='ocrx_word' id='word_1_109' title='bbox 1926 1993 2326 2083; x_wconf 85' lang='lat' dir='ltr'><strong>publicandas</strong></span> 
     </span>
     <span class='ocr_line' id='line_1_15' title="bbox 193 2121 2324 2212; baseline -0.002 -24"><span class='ocrx_word' id='word_1_110' title='bbox 193 2147 411 2188; x_wconf 87' lang='lat' dir='ltr'><strong>eorum</strong></span> <span class='ocrx_word' id='word_1_111' title='bbox 461 2124 775 2212; x_wconf 79' lang='lat' dir='ltr'><strong>pecuniaS,</strong></span> <span class='ocrx_word' id='word_1_112' title='bbox 819 2122 977 2212; x_wconf 90' lang='lat' dir='ltr'><strong>ipsos</strong></span> <span class='ocrx_word' id='word_1_113' title='bbox 1020 2125 1085 2188; x_wconf 91' lang='lat' dir='ltr'><strong>in</strong></span> <span class='ocrx_word' id='word_1_114' title='bbox 1134 2122 1393 2187; x_wconf 88' lang='lat' dir='ltr'><strong>vinculis</strong></span> <span class='ocrx_word' id='word_1_115' title='bbox 1437 2121 1754 2187; x_wconf 89' lang='lat' dir='ltr'><strong>habendos</strong></span> <span class='ocrx_word' id='word_1_116' title='bbox 1802 2145 1914 2210; x_wconf 95' lang='lat' dir='ltr'><strong>per</strong></span> <span class='ocrx_word' id='word_1_117' title='bbox 1962 2121 2324 2208; x_wconf 91' lang='lat' dir='ltr'><strong>municipia,</strong></span> 
     </span>
     <span class='ocr_line' id='line_1_16' title="bbox 194 2244 2325 2339; baseline -0.002 -25"><span class='ocrx_word' id='word_1_118' title='bbox 194 2274 329 2338; x_wconf 85' lang='lat' dir='ltr'><strong>quae</strong></span> <span class='ocrx_word' id='word_1_119' title='bbox 379 2274 670 2314; x_wconf 88' lang='lat' dir='ltr'><strong>maxume</strong></span> <span class='ocrx_word' id='word_1_120' title='bbox 723 2249 942 2339; x_wconf 92' lang='lat' dir='ltr'><strong>opibus</strong></span> <span class='ocrx_word' id='word_1_121' title='bbox 996 2248 1242 2313; x_wconf 83' lang='lat' dir='ltr'><strong>valent:</strong></span> <span class='ocrx_word' id='word_1_122' title='bbox 1323 2273 1446 2313; x_wconf 90' lang='lat' dir='ltr'><strong>neu</strong></span> <span class='ocrx_word' id='word_1_123' title='bbox 1512 2250 1648 2337; x_wconf 92' lang='lat' dir='ltr'><strong>quis</strong></span> <span class='ocrx_word' id='word_1_124' title='bbox 1710 2247 1788 2312; x_wconf 93' lang='lat' dir='ltr'><strong>de</strong></span> <span class='ocrx_word' id='word_1_125' title='bbox 1837 2246 1929 2311; x_wconf 89' lang='lat' dir='ltr'><strong>his</strong></span> <span class='ocrx_word' id='word_1_126' title='bbox 1984 2244 2192 2334; x_wconf 89' lang='lat' dir='ltr'><strong>postea</strong></span> <span class='ocrx_word' id='word_1_127' title='bbox 2247 2246 2325 2309; x_wconf 87' lang='lat' dir='ltr'><strong>ad</strong></span> 
     </span>
     <span class='ocr_line' id='line_1_17' title="bbox 193 2372 2318 2465; baseline -0.001 -25"><span class='ocrx_word' id='word_1_128' title='bbox 193 2375 473 2442; x_wconf 89' lang='lat' dir='ltr'><strong>senatum</strong></span> <span class='ocrx_word' id='word_1_129' title='bbox 515 2374 758 2454; x_wconf 88' lang='lat' dir='ltr'><strong>referat,</strong></span> <span class='ocrx_word' id='word_1_130' title='bbox 803 2400 959 2441; x_wconf 88' lang='lat' dir='ltr'><strong>neve</strong></span> <span class='ocrx_word' id='word_1_131' title='bbox 998 2400 1148 2441; x_wconf 93' lang='lat' dir='ltr'><strong>cum</strong></span> <span class='ocrx_word' id='word_1_132' title='bbox 1193 2375 1430 2465; x_wconf 89' lang='lat' dir='ltr'><strong>populo</strong></span> <span class='ocrx_word' id='word_1_133' title='bbox 1478 2394 1658 2464; x_wconf 86' lang='lat' dir='ltr'><strong>agat:</strong></span> <span class='ocrx_word' id='word_1_134' title='bbox 1717 2377 1828 2463; x_wconf 91' lang='lat' dir='ltr'><strong>qui</strong></span> <span class='ocrx_word' id='word_1_135' title='bbox 1865 2374 2041 2439; x_wconf 90' lang='lat' dir='ltr'><strong>aliter</strong></span> <span class='ocrx_word' id='word_1_136' title='bbox 2080 2372 2318 2452; x_wconf 90' lang='lat' dir='ltr'><strong>fecerit,</strong></span> 
     </span>
     <span class='ocr_line' id='line_1_18' title="bbox 194 2500 2322 2591; baseline -0.002 -23"><span class='ocrx_word' id='word_1_137' title='bbox 194 2507 488 2568; x_wconf 92' lang='lat' dir='ltr'><strong>Senatum</strong></span> <span class='ocrx_word' id='word_1_138' title='bbox 540 2500 926 2582; x_wconf 89' lang='lat' dir='ltr'><strong>existumare,</strong></span> <span class='ocrx_word' id='word_1_139' title='bbox 980 2527 1128 2567; x_wconf 91' lang='lat' dir='ltr'><strong>eum</strong></span> <span class='ocrx_word' id='word_1_140' title='bbox 1178 2521 1394 2568; x_wconf 89' lang='lat' dir='ltr'><strong>contra</strong></span> <span class='ocrx_word' id='word_1_141' title='bbox 1442 2501 1893 2591; x_wconf 89' lang='lat' dir='ltr'><strong>rempublicam</strong></span> <span class='ocrx_word' id='word_1_142' title='bbox 1949 2519 2011 2566; x_wconf 93' lang='lat' dir='ltr'><strong>et</strong></span> <span class='ocrx_word' id='word_1_143' title='bbox 2065 2500 2322 2565; x_wconf 90' lang='lat' dir='ltr'><strong>salutem</strong></span> 
     </span>
    </p>
   </div>
   <div class='ocr_carea' id='block_1_3' title="bbox 193 2625 877 2692">
    <p class='ocr_par' dir='ltr' id='par_1_3' title="bbox 193 2625 877 2692">
     <span class='ocr_line' id='line_1_19' title="bbox 193 2625 877 2692; baseline -0.003 0"><span class='ocrx_word' id='word_1_144' title='bbox 193 2630 479 2692; x_wconf 90' lang='lat' dir='ltr'><strong>omnium</strong></span> <span class='ocrx_word' id='word_1_145' title='bbox 511 2625 877 2692; x_wconf 46' lang='lat' dir='ltr'><strong>facturum?</strong></span> 
     </span>
    </p>
   </div>
   <div class='ocr_carea' id='block_1_4' title="bbox 1194 2884 1316 2937">
    <p class='ocr_par' dir='ltr' id='par_1_4' title="bbox 1194 2884 1316 2937">
     <span class='ocr_line' id='line_1_20' title="bbox 1194 2884 1316 2937; baseline -0.016 0"><span class='ocrx_word' id='word_1_146' title='bbox 1194 2884 1316 2937; x_wconf 94' lang='lat' dir='ltr'>LII.</span> 
     </span>
    </p>
   </div>
   <div class='ocr_carea' id='block_1_5' title="bbox 188 2993 511 3317">
    <p class='ocr_par' dir='ltr' id='par_1_5' title="bbox 188 2993 511 3317">
     <span class='ocr_line' id='line_1_21' title="bbox 188 2993 511 3317; baseline 0 829"><span class='ocrx_word' id='word_1_147' title='bbox 188 2993 511 3317; x_wconf 95' lang='lat' dir='ltr'><strong> </strong></span> 
     </span>
    </p>
   </div>
   <div class='ocr_carea' id='block_1_6' title="bbox 192 3255 2312 3597">
    <p class='ocr_par' dir='ltr' id='par_1_6' title="bbox 192 3255 2312 3597">
     <span class='ocr_line' id='line_1_22' title="bbox 555 3255 2311 3345; baseline -0.001 -24"><span class='ocrx_word' id='word_1_148' title='bbox 555 3274 802 3344; x_wconf 85' lang='lat' dir='ltr'><strong>rogatus</strong></span> <span class='ocrx_word' id='word_1_149' title='bbox 834 3256 1221 3336; x_wconf 88' lang='lat' dir='ltr'><strong>sententiam,</strong></span> <span class='ocrx_word' id='word_1_150' title='bbox 1245 3255 1676 3345; x_wconf 89' lang='lat' dir='ltr'><strong>hujuscemodi</strong></span> <span class='ocrx_word' id='word_1_151' title='bbox 1699 3259 2044 3322; x_wconf 90' lang='lat' dir='ltr'><strong>orationem</strong></span> <span class='ocrx_word' id='word_1_152' title='bbox 2078 3255 2311 3322; x_wconf 89' lang='lat' dir='ltr'><strong>habuit.</strong></span> 
     </span>
     <span class='ocr_line' id='line_1_23' title="bbox 193 3382 2312 3472; baseline -0.001 -26"><span class='ocrx_word' id='word_1_153' title='bbox 193 3390 234 3421; x_wconf 89' lang='lat'><strong>“</strong></span> <span class='ocrx_word' id='word_1_154' title='bbox 259 3386 474 3470; x_wconf 88' lang='lat' dir='ltr'><strong>Longe</strong></span> <span class='ocrx_word' id='word_1_155' title='bbox 501 3383 656 3448; x_wconf 91' lang='lat' dir='ltr'><strong>mihi</strong></span> <span class='ocrx_word' id='word_1_156' title='bbox 687 3382 805 3448; x_wconf 88' lang='lat' dir='ltr'><strong>alia</strong></span> <span class='ocrx_word' id='word_1_157' title='bbox 828 3409 1003 3448; x_wconf 89' lang='lat' dir='ltr'><strong>mens</strong></span> <span class='ocrx_word' id='word_1_158' title='bbox 1035 3382 1142 3463; x_wconf 89' lang='lat' dir='ltr'><strong>est,</strong></span> <span class='ocrx_word' id='word_1_159' title='bbox 1170 3387 1375 3448; x_wconf 92' lang='lat' dir='ltr'><strong>Patres</strong></span> <span class='ocrx_word' id='word_1_160' title='bbox 1409 3382 1758 3472; x_wconf 91' lang='lat' dir='ltr'><strong>conscripti,</strong></span> <span class='ocrx_word' id='word_1_161' title='bbox 1786 3406 1984 3471; x_wconf 91' lang='lat' dir='ltr'><strong>quum</strong></span> <span class='ocrx_word' id='word_1_162' title='bbox 2009 3406 2100 3445; x_wconf 92' lang='lat' dir='ltr'><strong>res</strong></span> <span class='ocrx_word' id='word_1_163' title='bbox 2126 3398 2312 3469; x_wconf 90' lang='lat' dir='ltr'><strong>atque</strong></span> 
     </span>
     <span class='ocr_line' id='line_1_24' title="bbox 192 3504 2311 3597; baseline -0.002 -25"><span class='ocrx_word' id='word_1_164' title='bbox 192 3508 463 3597; x_wconf 90' lang='lat' dir='ltr'><strong>pericula</strong></span> <span class='ocrx_word' id='word_1_165' title='bbox 511 3508 712 3574; x_wconf 88' lang='lat' dir='ltr'><strong>nostra</strong></span> <span class='ocrx_word' id='word_1_166' title='bbox 749 3508 1092 3589; x_wconf 82' lang='lat' dir='ltr'><strong>confidem,</strong></span> <span class='ocrx_word' id='word_1_167' title='bbox 1140 3526 1203 3573; x_wconf 93' lang='lat' dir='ltr'><strong>et</strong></span> <span class='ocrx_word' id='word_1_168' title='bbox 1250 3533 1450 3597; x_wconf 91' lang='lat' dir='ltr'><strong>quum</strong></span> <span class='ocrx_word' id='word_1_169' title='bbox 1495 3509 1818 3572; x_wconf 90' lang='lat' dir='ltr'><strong>sententias</strong></span> <span class='ocrx_word' id='word_1_170' title='bbox 1865 3504 2311 3570; x_wconf 90' lang='lat' dir='ltr'><strong>nonnullorum</strong></span> 
     </span>
    </p>
   </div>
   <div class='ocr_carea' id='block_1_7' title="bbox 191 3633 2309 3725">
    <p class='ocr_par' dir='ltr' id='par_1_7' title="bbox 191 3633 2309 3725">
     <span class='ocr_line' id='line_1_25' title="bbox 191 3633 2309 3725; baseline -0.001 -26"><span class='ocrx_word' id='word_1_171' title='bbox 191 3634 596 3723; x_wconf 80' lang='lat' dir='ltr'><strong>ipsemecum</strong></span> <span class='ocrx_word' id='word_1_172' title='bbox 638 3654 879 3725; x_wconf 84' lang='lat' dir='ltr'><strong>reputo,</strong></span> <span class='ocrx_word' id='word_1_173' title='bbox 997 3635 1096 3700; x_wconf 94' lang='lat' dir='ltr'><strong>Illi</strong></span> <span class='ocrx_word' id='word_1_174' title='bbox 1139 3634 1295 3700; x_wconf 91' lang='lat' dir='ltr'><strong>mihi</strong></span> <span class='ocrx_word' id='word_1_175' title='bbox 1332 3633 1660 3700; x_wconf 86' lang='lat' dir='ltr'><strong>differuiffe</strong></span> <span class='ocrx_word' id='word_1_176' title='bbox 1692 3634 1977 3698; x_wconf 91' lang='lat' dir='ltr'><strong>videntur</strong></span> <span class='ocrx_word' id='word_1_177' title='bbox 2016 3633 2093 3698; x_wconf 92' lang='lat' dir='ltr'><strong>de</strong></span> <span class='ocrx_word' id='word_1_178' title='bbox 2126 3656 2309 3722; x_wconf 88' lang='lat' dir='ltr'><strong>poena</strong></span> 
     </span>
    </p>
   </div>
  </div>
 </body>
</html>
