<?xml version="1.0" encoding="UTF-8"?>
<!DOCTYPE html PUBLIC "-//W3C//DTD XHTML 1.0 Transitional//EN"
    "http://www.w3.org/TR/xhtml1/DTD/xhtml1-transitional.dtd">
<html xmlns="http://www.w3.org/1999/xhtml" xml:lang="en" lang="en">
 <head>
  <title>
</title>
<meta http-equiv="Content-Type" content="text/html;charset=utf-8" />
  <meta name='ocr-system' content='tesseract 3.04.00' />
  <meta name='ocr-capabilities' content='ocr_page ocr_carea ocr_par ocr_line ocrx_word'/>
</head>
<body>
  <div class='ocr_page' id='page_1' title='image "./operaquaeextanta00salluoft_0196.png"; bbox 0 0 2722 4146; ppageno 0'>
   <div class='ocr_carea' id='block_1_1' title="bbox 286 211 1888 279">
    <p class='ocr_par' dir='ltr' id='par_1_1' title="bbox 286 211 1888 279">
     <span class='ocr_line' id='line_1_1' title="bbox 286 211 1888 279; baseline -0.004 0"><span class='ocrx_word' id='word_1_1' title='bbox 286 217 416 279; x_wconf 89' lang='lat'>186</span> <span class='ocrx_word' id='word_1_2' title='bbox 803 216 879 278; x_wconf 90' lang='lat' dir='ltr'>C.</span> <span class='ocrx_word' id='word_1_3' title='bbox 955 212 1283 277; x_wconf 91' lang='lat' dir='ltr'>CRISPI</span> <span class='ocrx_word' id='word_1_4' title='bbox 1357 211 1888 273; x_wconf 88' lang='lat' dir='ltr'>SALLUSTII</span> 
     </span>
    </p>
   </div>
   <div class='ocr_carea' id='block_1_2' title="bbox 277 384 2521 3673">
    <p class='ocr_par' dir='ltr' id='par_1_2' title="bbox 277 384 2521 3673">
     <span class='ocr_line' id='line_1_2' title="bbox 278 384 2407 467; baseline 0.002 -24"><span class='ocrx_word' id='word_1_5' title='bbox 278 388 464 443; x_wconf 85' lang='lat' dir='ltr'>facere.</span> <span class='ocrx_word' id='word_1_6' title='bbox 545 391 730 461; x_wconf 87' lang='lat' dir='ltr'>Itaque</span> <span class='ocrx_word' id='word_1_7' title='bbox 756 406 940 443; x_wconf 91' lang='lat' dir='ltr'>omnes</span> <span class='ocrx_word' id='word_1_8' title='bbox 973 385 1261 440; x_wconf 78' lang='lat' dir='ltr'>concessere</span> <span class='ocrx_word' id='word_1_9' title='bbox 1290 384 1406 456; x_wconf 90' lang='lat' dir='ltr'>jam</span> <span class='ocrx_word' id='word_1_10' title='bbox 1440 384 1496 436; x_wconf 90' lang='lat' dir='ltr'>in</span> <span class='ocrx_word' id='word_1_11' title='bbox 1526 402 1817 456; x_wconf 90' lang='lat' dir='ltr'>paucorum</span> <span class='ocrx_word' id='word_1_12' title='bbox 1848 384 2280 456; x_wconf 90' lang='lat' dir='ltr'>dominationem,</span> <span class='ocrx_word' id='word_1_13' title='bbox 2313 396 2407 467; x_wconf 93' lang='lat' dir='ltr'>qui</span> 
     </span>
     <span class='ocr_line' id='line_1_3' title="bbox 277 476 2407 556; baseline 0.003 -23"><span class='ocrx_word' id='word_1_14' title='bbox 277 499 371 553; x_wconf 90' lang='lat' dir='ltr'>per</span> <span class='ocrx_word' id='word_1_15' title='bbox 410 480 635 533; x_wconf 91' lang='lat' dir='ltr'>militare</span> <span class='ocrx_word' id='word_1_16' title='bbox 677 498 873 533; x_wconf 90' lang='lat' dir='ltr'>nomen</span> <span class='ocrx_word' id='word_1_17' title='bbox 908 479 1165 540; x_wconf 88' lang='lat' dir='ltr'>aerarium,</span> <span class='ocrx_word' id='word_1_18' title='bbox 1207 476 1483 539; x_wconf 81' lang='lat' dir='ltr'>exercituS,</span> <span class='ocrx_word' id='word_1_19' title='bbox 1524 493 1702 548; x_wconf 89' lang='lat' dir='ltr'>regna,</span> <span class='ocrx_word' id='word_1_20' title='bbox 1744 477 2034 548; x_wconf 87' lang='lat' dir='ltr'>provincias</span> <span class='ocrx_word' id='word_1_21' title='bbox 2072 499 2407 556; x_wconf 89' lang='lat' dir='ltr'>occupavere,</span> 
     </span>
     <span class='ocr_line' id='line_1_4' title="bbox 280 568 2410 644; baseline 0.004 -20"><span class='ocrx_word' id='word_1_22' title='bbox 280 584 332 624; x_wconf 91' lang='lat' dir='ltr'>et</span> <span class='ocrx_word' id='word_1_23' title='bbox 370 590 544 624; x_wconf 88' lang='lat' dir='ltr'>arcem</span> <span class='ocrx_word' id='word_1_24' title='bbox 584 570 782 625; x_wconf 91' lang='lat' dir='ltr'>habent</span> <span class='ocrx_word' id='word_1_25' title='bbox 822 590 888 625; x_wconf 87' lang='lat' dir='ltr'>ex</span> <span class='ocrx_word' id='word_1_26' title='bbox 929 569 1102 644; x_wconf 90' lang='lat' dir='ltr'>spoliis</span> <span class='ocrx_word' id='word_1_27' title='bbox 1141 568 1351 622; x_wconf 89' lang='lat' dir='ltr'>vostris:</span> <span class='ocrx_word' id='word_1_28' title='bbox 1395 586 1566 640; x_wconf 92' lang='lat' dir='ltr'>quum</span> <span class='ocrx_word' id='word_1_29' title='bbox 1600 568 1815 620; x_wconf 87' lang='lat' dir='ltr'>interim</span> <span class='ocrx_word' id='word_1_30' title='bbox 1850 587 1997 623; x_wconf 92' lang='lat' dir='ltr'>more</span> <span class='ocrx_word' id='word_1_31' title='bbox 2030 591 2282 644; x_wconf 90' lang='lat' dir='ltr'>pecorum</span> <span class='ocrx_word' id='word_1_32' title='bbox 2320 597 2410 632; x_wconf 91' lang='lat' dir='ltr'>vos</span> 
     </span>
     <span class='ocr_line' id='line_1_5' title="bbox 281 658 2412 741; baseline 0.004 -26"><span class='ocrx_word' id='word_1_33' title='bbox 281 663 569 716; x_wconf 90' lang='lat' dir='ltr'>multitudo</span> <span class='ocrx_word' id='word_1_34' title='bbox 609 664 821 736; x_wconf 89' lang='lat' dir='ltr'>fingulis</span> <span class='ocrx_word' id='word_1_35' title='bbox 851 662 1116 717; x_wconf 88' lang='lat' dir='ltr'>habendos</span> <span class='ocrx_word' id='word_1_36' title='bbox 1145 658 1498 732; x_wconf 89' lang='lat' dir='ltr'>fruendosque</span> <span class='ocrx_word' id='word_1_37' title='bbox 1534 659 1783 732; x_wconf 81' lang='lat' dir='ltr'>praebetiS‚</span> <span class='ocrx_word' id='word_1_38' title='bbox 1816 663 1963 714; x_wconf 87' lang='lat' dir='ltr'>exuti</span> <span class='ocrx_word' id='word_1_39' title='bbox 2000 665 2263 731; x_wconf 78' lang='lat' dir='ltr'>omnibuS,</span> <span class='ocrx_word' id='word_1_40' title='bbox 2295 688 2412 741; x_wconf 86' lang='lat' dir='ltr'>quae</span> 
     </span>
     <span class='ocr_line' id='line_1_6' title="bbox 281 750 2410 828; baseline 0.004 -21"><span class='ocrx_word' id='word_1_41' title='bbox 281 755 500 827; x_wconf 90' lang='lat' dir='ltr'>majores</span> <span class='ocrx_word' id='word_1_42' title='bbox 525 756 812 828; x_wconf 89' lang='lat' dir='ltr'>reliquere:</span> <span class='ocrx_word' id='word_1_43' title='bbox 848 756 943 808; x_wconf 91' lang='lat' dir='ltr'>nifi</span> <span class='ocrx_word' id='word_1_44' title='bbox 969 754 1093 828; x_wconf 90' lang='lat' dir='ltr'>quia</span> <span class='ocrx_word' id='word_1_45' title='bbox 1118 750 1376 805; x_wconf 88' lang='lat' dir='ltr'>vobismet</span> <span class='ocrx_word' id='word_1_46' title='bbox 1401 752 1494 824; x_wconf 90' lang='lat' dir='ltr'>ipfi</span> <span class='ocrx_word' id='word_1_47' title='bbox 1519 770 1611 824; x_wconf 90' lang='lat' dir='ltr'>per</span> <span class='ocrx_word' id='word_1_48' title='bbox 1635 750 1896 825; x_wconf 87' lang='lat' dir='ltr'>suffragia,</span> <span class='ocrx_word' id='word_1_49' title='bbox 1925 766 1984 807; x_wconf 91' lang='lat' dir='ltr'>ut</span> <span class='ocrx_word' id='word_1_50' title='bbox 2008 758 2237 828; x_wconf 85' lang='lat' dir='ltr'>praefides</span> <span class='ocrx_word' id='word_1_51' title='bbox 2262 762 2410 827; x_wconf 89' lang='lat' dir='ltr'>olim,</span> 
     </span>
     <span class='ocr_line' id='line_1_7' title="bbox 282 843 2414 917; baseline 0.004 -19"><span class='ocrx_word' id='word_1_52' title='bbox 282 865 427 899; x_wconf 92' lang='lat' dir='ltr'>nunc</span> <span class='ocrx_word' id='word_1_53' title='bbox 466 847 707 901; x_wconf 91' lang='lat' dir='ltr'>dominos</span> <span class='ocrx_word' id='word_1_54' title='bbox 748 848 1025 901; x_wconf 90' lang='lat' dir='ltr'>destinatis.</span> <span class='ocrx_word' id='word_1_55' title='bbox 1120 846 1307 917; x_wconf 90' lang='lat' dir='ltr'>Itaque</span> <span class='ocrx_word' id='word_1_56' title='bbox 1346 843 1634 897; x_wconf 91' lang='lat' dir='ltr'>concessere</span> <span class='ocrx_word' id='word_1_57' title='bbox 1669 844 1795 897; x_wconf 93' lang='lat' dir='ltr'>illuc</span> <span class='ocrx_word' id='word_1_58' title='bbox 1835 864 2048 901; x_wconf 90' lang='lat' dir='ltr'>omnes:</span> <span class='ocrx_word' id='word_1_59' title='bbox 2094 861 2146 902; x_wconf 92' lang='lat' dir='ltr'>et</span> <span class='ocrx_word' id='word_1_60' title='bbox 2186 869 2332 916; x_wconf 76' lang='lat' dir='ltr'>moX,</span> <span class='ocrx_word' id='word_1_61' title='bbox 2375 855 2414 908; x_wconf 88' lang='lat' dir='ltr'><strong>fi</strong></span> 
     </span>
     <span class='ocr_line' id='line_1_8' title="bbox 283 936 2417 1011; baseline 0.004 -21"><span class='ocrx_word' id='word_1_62' title='bbox 283 938 451 990; x_wconf 86' lang='lat' dir='ltr'>vostra</span> <span class='ocrx_word' id='word_1_63' title='bbox 475 940 785 1011; x_wconf 89' lang='lat' dir='ltr'>receperitis,</span> <span class='ocrx_word' id='word_1_64' title='bbox 817 939 882 992; x_wconf 91' lang='lat' dir='ltr'>ad</span> <span class='ocrx_word' id='word_1_65' title='bbox 907 957 996 992; x_wconf 89' lang='lat' dir='ltr'>vos</span> <span class='ocrx_word' id='word_1_66' title='bbox 1031 936 1277 991; x_wconf 92' lang='lat' dir='ltr'>redibunt</span> <span class='ocrx_word' id='word_1_67' title='bbox 1314 936 1567 1009; x_wconf 89' lang='lat' dir='ltr'>plerique.</span> <span class='ocrx_word' id='word_1_68' title='bbox 1650 937 1799 990; x_wconf 90' lang='lat' dir='ltr'>Raris</span> <span class='ocrx_word' id='word_1_69' title='bbox 1837 939 1982 991; x_wconf 92' lang='lat' dir='ltr'>enim</span> <span class='ocrx_word' id='word_1_70' title='bbox 2018 941 2222 996; x_wconf 90' lang='lat' dir='ltr'>animus</span> <span class='ocrx_word' id='word_1_71' title='bbox 2253 944 2326 997; x_wconf 90' lang='lat' dir='ltr'>est</span> <span class='ocrx_word' id='word_1_72' title='bbox 2352 945 2417 999; x_wconf 94' lang='lat' dir='ltr'>ad</span> 
     </span>
     <span class='ocr_line' id='line_1_9' title="bbox 284 1027 2416 1101; baseline 0.005 -22"><span class='ocrx_word' id='word_1_73' title='bbox 284 1045 359 1089; x_wconf 91' lang='lat' dir='ltr'>ea,</span> <span class='ocrx_word' id='word_1_74' title='bbox 402 1046 518 1099; x_wconf 87' lang='lat' dir='ltr'>quae</span> <span class='ocrx_word' id='word_1_75' title='bbox 566 1029 791 1101; x_wconf 89' lang='lat' dir='ltr'>placent,</span> <span class='ocrx_word' id='word_1_76' title='bbox 838 1027 1199 1082; x_wconf 91' lang='lat' dir='ltr'>defendenda:</span> <span class='ocrx_word' id='word_1_77' title='bbox 1256 1028 1415 1080; x_wconf 91' lang='lat' dir='ltr'>ceteri</span> <span class='ocrx_word' id='word_1_78' title='bbox 1459 1027 1774 1080; x_wconf 89' lang='lat' dir='ltr'>validiorum</span> <span class='ocrx_word' id='word_1_79' title='bbox 1825 1027 1966 1083; x_wconf 90' lang='lat' dir='ltr'>sunt.</span> <span class='ocrx_word' id='word_1_80' title='bbox 2057 1034 2147 1086; x_wconf 91' lang='lat' dir='ltr'>An</span> <span class='ocrx_word' id='word_1_81' title='bbox 2192 1034 2416 1090; x_wconf 89' lang='lat' dir='ltr'>dubium</span> 
     </span>
     <span class='ocr_line' id='line_1_10' title="bbox 284 1117 2418 1198; baseline 0.005 -28"><span class='ocrx_word' id='word_1_82' title='bbox 284 1117 499 1181; x_wconf 79' lang='lat' dir='ltr'>habetiS‚</span> <span class='ocrx_word' id='word_1_83' title='bbox 529 1137 595 1172; x_wconf 91' lang='lat' dir='ltr'>ne</span> <span class='ocrx_word' id='word_1_84' title='bbox 618 1121 826 1173; x_wconf 88' lang='lat' dir='ltr'>officere</span> <span class='ocrx_word' id='word_1_85' title='bbox 853 1120 982 1192; x_wconf 92' lang='lat' dir='ltr'>quid</span> <span class='ocrx_word' id='word_1_86' title='bbox 1008 1120 1171 1183; x_wconf 91' lang='lat' dir='ltr'>vobis,</span> <span class='ocrx_word' id='word_1_87' title='bbox 1199 1138 1309 1172; x_wconf 91' lang='lat' dir='ltr'>uno</span> <span class='ocrx_word' id='word_1_88' title='bbox 1335 1120 1515 1172; x_wconf 91' lang='lat' dir='ltr'>animo</span> <span class='ocrx_word' id='word_1_89' title='bbox 1552 1120 1906 1192; x_wconf 89' lang='lat' dir='ltr'>pergentibus,</span> <span class='ocrx_word' id='word_1_90' title='bbox 1933 1123 2101 1195; x_wconf 87' lang='lat' dir='ltr'>poffit,</span> <span class='ocrx_word' id='word_1_91' title='bbox 2142 1145 2272 1198; x_wconf 92' lang='lat' dir='ltr'>quos</span> <span class='ocrx_word' id='word_1_92' title='bbox 2307 1128 2418 1181; x_wconf 91' lang='lat' dir='ltr'>lan-</span> 
     </span>
     <span class='ocr_line' id='line_1_11' title="bbox 284 1209 2419 1285; baseline 0.005 -23"><span class='ocrx_word' id='word_1_93' title='bbox 284 1210 469 1282; x_wconf 92' lang='lat' dir='ltr'>guidos</span> <span class='ocrx_word' id='word_1_94' title='bbox 503 1209 844 1284; x_wconf 89' lang='lat' dir='ltr'>socordesque</span> <span class='ocrx_word' id='word_1_95' title='bbox 874 1212 1233 1285; x_wconf 86' lang='lat' dir='ltr'>pertimuere?</span> <span class='ocrx_word' id='word_1_96' title='bbox 1271 1212 1366 1264; x_wconf 90' lang='lat' dir='ltr'>nifi</span> <span class='ocrx_word' id='word_1_97' title='bbox 1400 1210 1535 1264; x_wconf 90' lang='lat' dir='ltr'>forte</span> <span class='ocrx_word' id='word_1_98' title='bbox 1573 1213 1638 1264; x_wconf 92' lang='lat' dir='ltr'>C.</span> <span class='ocrx_word' id='word_1_99' title='bbox 1670 1213 1845 1276; x_wconf 91' lang='lat' dir='ltr'>Cotta,</span> <span class='ocrx_word' id='word_1_100' title='bbox 1885 1232 1951 1266; x_wconf 84' lang='lat' dir='ltr'>ex</span> <span class='ocrx_word' id='word_1_101' title='bbox 1985 1214 2212 1270; x_wconf 67' lang='lat' dir='ltr'>factione</span> <span class='ocrx_word' id='word_1_102' title='bbox 2246 1219 2419 1273; x_wconf 90' lang='lat' dir='ltr'>media</span> 
     </span>
     <span class='ocr_line' id='line_1_12' title="bbox 287 1300 2417 1378; baseline 0.005 -24"><span class='ocrx_word' id='word_1_103' title='bbox 287 1300 505 1365; x_wconf 90' lang='lat' dir='ltr'>Consul,</span> <span class='ocrx_word' id='word_1_104' title='bbox 545 1303 709 1366; x_wconf 87' lang='lat' dir='ltr'>aliter,</span> <span class='ocrx_word' id='word_1_105' title='bbox 746 1322 909 1375; x_wconf 91' lang='lat' dir='ltr'>quam</span> <span class='ocrx_word' id='word_1_106' title='bbox 946 1315 1110 1366; x_wconf 92' lang='lat' dir='ltr'>metu,</span> <span class='ocrx_word' id='word_1_107' title='bbox 1144 1303 1268 1375; x_wconf 93' lang='lat' dir='ltr'>jura</span> <span class='ocrx_word' id='word_1_108' title='bbox 1301 1303 1541 1375; x_wconf 91' lang='lat' dir='ltr'>quaedam</span> <span class='ocrx_word' id='word_1_109' title='bbox 1582 1303 1803 1357; x_wconf 89' lang='lat' dir='ltr'>tribunis</span> <span class='ocrx_word' id='word_1_110' title='bbox 1842 1306 2014 1378; x_wconf 92' lang='lat' dir='ltr'>plebei</span> <span class='ocrx_word' id='word_1_111' title='bbox 2054 1309 2307 1375; x_wconf 82' lang='lat' dir='ltr'>restituit3</span> <span class='ocrx_word' id='word_1_112' title='bbox 2349 1324 2417 1375; x_wconf 90' lang='lat' dir='ltr'>et,</span> 
     </span>
     <span class='ocr_line' id='line_1_13' title="bbox 285 1394 2420 1471; baseline 0.005 -25"><span class='ocrx_word' id='word_1_113' title='bbox 285 1413 613 1466; x_wconf 91' lang='lat' dir='ltr'>quamquam</span> <span class='ocrx_word' id='word_1_114' title='bbox 641 1396 705 1450; x_wconf 91' lang='lat' dir='ltr'>L.</span> <span class='ocrx_word' id='word_1_115' title='bbox 735 1396 972 1458; x_wconf 89' lang='lat' dir='ltr'>Sicinius,</span> <span class='ocrx_word' id='word_1_116' title='bbox 1001 1396 1200 1468; x_wconf 90' lang='lat' dir='ltr'>primus</span> <span class='ocrx_word' id='word_1_117' title='bbox 1226 1394 1289 1447; x_wconf 93' lang='lat' dir='ltr'>de</span> <span class='ocrx_word' id='word_1_118' title='bbox 1315 1394 1563 1467; x_wconf 89' lang='lat' dir='ltr'>potestate</span> <span class='ocrx_word' id='word_1_119' title='bbox 1590 1395 1869 1450; x_wconf 89' lang='lat' dir='ltr'>tribunicia</span> <span class='ocrx_word' id='word_1_120' title='bbox 1907 1398 2055 1471; x_wconf 92' lang='lat' dir='ltr'>loqui</span> <span class='ocrx_word' id='word_1_121' title='bbox 2086 1400 2252 1466; x_wconf 77' lang='lat' dir='ltr'>ausuS,</span> <span class='ocrx_word' id='word_1_122' title='bbox 2279 1401 2420 1457; x_wconf 91' lang='lat' dir='ltr'>mus-</span> 
     </span>
     <span class='ocr_line' id='line_1_14' title="bbox 285 1485 2420 1560; baseline 0.005 -21"><span class='ocrx_word' id='word_1_123' title='bbox 285 1485 515 1540; x_wconf 89' lang='lat' dir='ltr'>santibus</span> <span class='ocrx_word' id='word_1_124' title='bbox 554 1487 700 1540; x_wconf 93' lang='lat' dir='ltr'>vobis</span> <span class='ocrx_word' id='word_1_125' title='bbox 740 1488 1133 1540; x_wconf 87' lang='lat' dir='ltr'>circumventus</span> <span class='ocrx_word' id='word_1_126' title='bbox 1178 1499 1304 1550; x_wconf 90' lang='lat' dir='ltr'>erat,</span> <span class='ocrx_word' id='word_1_127' title='bbox 1351 1499 1529 1539; x_wconf 91' lang='lat' dir='ltr'>tamen</span> <span class='ocrx_word' id='word_1_128' title='bbox 1569 1488 1710 1560; x_wconf 92' lang='lat' dir='ltr'>prius</span> <span class='ocrx_word' id='word_1_129' title='bbox 1755 1489 1833 1541; x_wconf 91' lang='lat' dir='ltr'>illi</span> <span class='ocrx_word' id='word_1_130' title='bbox 1873 1490 2126 1545; x_wconf 91' lang='lat' dir='ltr'>invidiam</span> <span class='ocrx_word' id='word_1_131' title='bbox 2167 1495 2420 1560; x_wconf 67' lang='lat' dir='ltr'>metuere,</span> 
     </span>
     <span class='ocr_line' id='line_1_15' title="bbox 286 1578 2417 1659; baseline 0.005 -28"><span class='ocrx_word' id='word_1_132' title='bbox 286 1598 450 1651; x_wconf 93' lang='lat' dir='ltr'>quam</span> <span class='ocrx_word' id='word_1_133' title='bbox 477 1597 566 1632; x_wconf 91' lang='lat' dir='ltr'>vos</span> <span class='ocrx_word' id='word_1_134' title='bbox 592 1580 795 1651; x_wconf 84' lang='lat' dir='ltr'>injuriae</span> <span class='ocrx_word' id='word_1_135' title='bbox 820 1578 1096 1653; x_wconf 89' lang='lat' dir='ltr'>pertaesum</span> <span class='ocrx_word' id='word_1_136' title='bbox 1123 1578 1213 1631; x_wconf 87' lang='lat' dir='ltr'>est.</span> <span class='ocrx_word' id='word_1_137' title='bbox 1271 1579 1430 1650; x_wconf 81' lang='lat' dir='ltr'>Qd</span> <span class='ocrx_word' id='word_1_138' title='bbox 1458 1598 1557 1652; x_wconf 90' lang='lat' dir='ltr'>ego</span> <span class='ocrx_word' id='word_1_139' title='bbox 1577 1598 1784 1652; x_wconf 91' lang='lat' dir='ltr'>nequeo</span> <span class='ocrx_word' id='word_1_140' title='bbox 1809 1579 1924 1635; x_wconf 91' lang='lat' dir='ltr'>satis</span> <span class='ocrx_word' id='word_1_141' title='bbox 1945 1585 2141 1648; x_wconf 87' lang='lat' dir='ltr'>mirari,</span> <span class='ocrx_word' id='word_1_142' title='bbox 2170 1587 2417 1659; x_wconf 80' lang='lat' dir='ltr'>Qrites.</span> 
     </span>
     <span class='ocr_line' id='line_1_16' title="bbox 288 1669 2423 1746; baseline 0.004 -23"><span class='ocrx_word' id='word_1_143' title='bbox 288 1671 435 1723; x_wconf 91' lang='lat' dir='ltr'>Nam</span> <span class='ocrx_word' id='word_1_144' title='bbox 461 1669 607 1743; x_wconf 89' lang='lat' dir='ltr'>spem</span> <span class='ocrx_word' id='word_1_145' title='bbox 633 1671 822 1724; x_wconf 91' lang='lat' dir='ltr'>frustra</span> <span class='ocrx_word' id='word_1_146' title='bbox 847 1671 995 1724; x_wconf 85' lang='lat' dir='ltr'>fuiffe</span> <span class='ocrx_word' id='word_1_147' title='bbox 1021 1671 1362 1724; x_wconf 88' lang='lat' dir='ltr'>intellexistis.</span> <span class='ocrx_word' id='word_1_148' title='bbox 1444 1672 1587 1724; x_wconf 94' lang='lat' dir='ltr'>Sulla</span> <span class='ocrx_word' id='word_1_149' title='bbox 1626 1684 1855 1736; x_wconf 91' lang='lat' dir='ltr'>mortu0,</span> <span class='ocrx_word' id='word_1_150' title='bbox 1891 1676 1984 1746; x_wconf 94' lang='lat' dir='ltr'>qui</span> <span class='ocrx_word' id='word_1_151' title='bbox 2022 1674 2294 1731; x_wconf 88' lang='lat' dir='ltr'>scelestum</span> <span class='ocrx_word' id='word_1_152' title='bbox 2324 1681 2423 1732; x_wconf 93' lang='lat' dir='ltr'>im-</span> 
     </span>
     <span class='ocr_line' id='line_1_17' title="bbox 287 1761 2426 1842; baseline 0.005 -28"><span class='ocrx_word' id='word_1_153' title='bbox 287 1761 527 1835; x_wconf 89' lang='lat' dir='ltr'>posuerat</span> <span class='ocrx_word' id='word_1_154' title='bbox 577 1761 867 1826; x_wconf 90' lang='lat' dir='ltr'>servitium,</span> <span class='ocrx_word' id='word_1_155' title='bbox 921 1764 1086 1816; x_wconf 91' lang='lat' dir='ltr'>finem</span> <span class='ocrx_word' id='word_1_156' title='bbox 1137 1763 1265 1815; x_wconf 91' lang='lat' dir='ltr'>mali</span> <span class='ocrx_word' id='word_1_157' title='bbox 1315 1763 1613 1816; x_wconf 87' lang='lat' dir='ltr'>credebatis.</span> <span class='ocrx_word' id='word_1_158' title='bbox 1698 1765 1863 1818; x_wconf 88' lang='lat' dir='ltr'>Ortus</span> <span class='ocrx_word' id='word_1_159' title='bbox 1913 1767 1986 1819; x_wconf 90' lang='lat' dir='ltr'>est</span> <span class='ocrx_word' id='word_1_160' title='bbox 2041 1768 2199 1842; x_wconf 89' lang='lat' dir='ltr'>longe</span> <span class='ocrx_word' id='word_1_161' title='bbox 2248 1769 2426 1824; x_wconf 85' lang='lat' dir='ltr'>saevior</span> 
     </span>
     <span class='ocr_line' id='line_1_18' title="bbox 290 1846 2424 1927; baseline 0.005 -21"><span class='ocrx_word' id='word_1_162' title='bbox 290 1855 528 1907; x_wconf 80' lang='lat' dir='ltr'>CatuluS.</span> <span class='ocrx_word' id='word_1_163' title='bbox 597 1855 891 1908; x_wconf 90' lang='lat' dir='ltr'>Tumultus</span> <span class='ocrx_word' id='word_1_164' title='bbox 918 1855 1215 1918; x_wconf 86' lang='lat' dir='ltr'>interceffit,</span> <span class='ocrx_word' id='word_1_165' title='bbox 1244 1857 1411 1907; x_wconf 93' lang='lat' dir='ltr'>Bruto</span> <span class='ocrx_word' id='word_1_166' title='bbox 1437 1867 1490 1907; x_wconf 92' lang='lat' dir='ltr'>et</span> <span class='ocrx_word' id='word_1_167' title='bbox 1515 1855 1736 1907; x_wconf 89' lang='lat' dir='ltr'>AEmilio</span> <span class='ocrx_word' id='word_1_168' title='bbox 1764 1857 2044 1912; x_wconf 89' lang='lat' dir='ltr'>Mamerco</span> <span class='ocrx_word' id='word_1_169' title='bbox 2072 1846 2424 1927; x_wconf 76' lang='lat' dir='ltr'>Consulibus:</span> 
     </span>
     <span class='ocr_line' id='line_1_19' title="bbox 289 1944 2428 2018; baseline 0.005 -21"><span class='ocrx_word' id='word_1_170' title='bbox 289 1945 410 1998; x_wconf 92' lang='lat' dir='ltr'>dein</span> <span class='ocrx_word' id='word_1_171' title='bbox 439 1948 503 1998; x_wconf 90' lang='lat' dir='ltr'>C.</span> <span class='ocrx_word' id='word_1_172' title='bbox 527 1947 694 1999; x_wconf 90' lang='lat' dir='ltr'>Curio</span> <span class='ocrx_word' id='word_1_173' title='bbox 722 1946 786 1998; x_wconf 93' lang='lat' dir='ltr'>ad</span> <span class='ocrx_word' id='word_1_174' title='bbox 813 1947 1037 1999; x_wconf 86' lang='lat' dir='ltr'>exitium</span> <span class='ocrx_word' id='word_1_175' title='bbox 1065 1944 1229 2018; x_wconf 90' lang='lat' dir='ltr'>usque</span> <span class='ocrx_word' id='word_1_176' title='bbox 1250 1945 1466 1999; x_wconf 90' lang='lat' dir='ltr'>insontis</span> <span class='ocrx_word' id='word_1_177' title='bbox 1486 1946 1686 1999; x_wconf 90' lang='lat' dir='ltr'>tribuni</span> <span class='ocrx_word' id='word_1_178' title='bbox 1706 1947 2004 2003; x_wconf 91' lang='lat' dir='ltr'>dominatus</span> <span class='ocrx_word' id='word_1_179' title='bbox 2024 1951 2114 2005; x_wconf 86' lang='lat' dir='ltr'>est.</span> <span class='ocrx_word' id='word_1_180' title='bbox 2172 1953 2428 2008; x_wconf 87' lang='lat' dir='ltr'>Lucullus</span> 
     </span>
     <span class='ocr_line' id='line_1_20' title="bbox 290 2036 2429 2118; baseline 0.005 -28"><span class='ocrx_word' id='word_1_181' title='bbox 290 2036 552 2110; x_wconf 90' lang='lat' dir='ltr'>superiore</span> <span class='ocrx_word' id='word_1_182' title='bbox 579 2057 718 2090; x_wconf 92' lang='lat' dir='ltr'>anno</span> <span class='ocrx_word' id='word_1_183' title='bbox 745 2038 957 2110; x_wconf 88' lang='lat' dir='ltr'>quantis</span> <span class='ocrx_word' id='word_1_184' title='bbox 979 2038 1167 2090; x_wconf 89' lang='lat' dir='ltr'>animis</span> <span class='ocrx_word' id='word_1_185' title='bbox 1193 2039 1311 2090; x_wconf 91' lang='lat' dir='ltr'>ierit</span> <span class='ocrx_word' id='word_1_186' title='bbox 1337 2039 1391 2090; x_wconf 93' lang='lat' dir='ltr'>in</span> <span class='ocrx_word' id='word_1_187' title='bbox 1433 2039 1497 2091; x_wconf 93' lang='lat' dir='ltr'>L.</span> <span class='ocrx_word' id='word_1_188' title='bbox 1531 2039 1871 2109; x_wconf 54' lang='lat' dir='ltr'>Querium,</span> <span class='ocrx_word' id='word_1_189' title='bbox 1906 2041 2117 2097; x_wconf 90' lang='lat' dir='ltr'>vidistis.</span> <span class='ocrx_word' id='word_1_190' title='bbox 2205 2046 2429 2118; x_wconf 81' lang='lat' dir='ltr'>Qntae</span> 
     </span>
     <span class='ocr_line' id='line_1_21' title="bbox 290 2127 2428 2208; baseline 0.004 -26"><span class='ocrx_word' id='word_1_191' title='bbox 290 2130 517 2202; x_wconf 92' lang='lat' dir='ltr'>denique</span> <span class='ocrx_word' id='word_1_192' title='bbox 544 2149 687 2182; x_wconf 91' lang='lat' dir='ltr'>nunc</span> <span class='ocrx_word' id='word_1_193' title='bbox 715 2130 850 2182; x_wconf 91' lang='lat' dir='ltr'>mihi</span> <span class='ocrx_word' id='word_1_194' title='bbox 877 2130 1041 2182; x_wconf 91' lang='lat' dir='ltr'>turbae</span> <span class='ocrx_word' id='word_1_195' title='bbox 1066 2129 1427 2181; x_wconf 80' lang='lat' dir='ltr'>concitantur!</span> <span class='ocrx_word' id='word_1_196' title='bbox 1456 2146 1571 2200; x_wconf 86' lang='lat' dir='ltr'>quae</span> <span class='ocrx_word' id='word_1_197' title='bbox 1595 2127 1830 2200; x_wconf 66' lang='lat' dir='ltr'>profecto</span> <span class='ocrx_word' id='word_1_198' title='bbox 1856 2131 2108 2186; x_wconf 86' lang='lat' dir='ltr'>incaffum</span> <span class='ocrx_word' id='word_1_199' title='bbox 2134 2150 2428 2208; x_wconf 82' lang='lat' dir='ltr'>agerentur,</span> 
     </span>
     <span class='ocr_line' id='line_1_22' title="bbox 292 2219 2430 2302; baseline 0.003 -27"><span class='ocrx_word' id='word_1_200' title='bbox 292 2223 328 2275; x_wconf 90' lang='lat' dir='ltr'>fi</span> <span class='ocrx_word' id='word_1_201' title='bbox 354 2223 512 2295; x_wconf 88' lang='lat' dir='ltr'>prius,</span> <span class='ocrx_word' id='word_1_202' title='bbox 541 2241 703 2294; x_wconf 92' lang='lat' dir='ltr'>quam</span> <span class='ocrx_word' id='word_1_203' title='bbox 730 2240 819 2274; x_wconf 92' lang='lat' dir='ltr'>vos</span> <span class='ocrx_word' id='word_1_204' title='bbox 845 2220 1111 2274; x_wconf 90' lang='lat' dir='ltr'>serviundi</span> <span class='ocrx_word' id='word_1_205' title='bbox 1138 2220 1318 2282; x_wconf 91' lang='lat' dir='ltr'>finem,</span> <span class='ocrx_word' id='word_1_206' title='bbox 1355 2219 1432 2271; x_wconf 92' lang='lat' dir='ltr'>illi</span> <span class='ocrx_word' id='word_1_207' title='bbox 1466 2220 1837 2274; x_wconf 90' lang='lat' dir='ltr'>dominationis</span> <span class='ocrx_word' id='word_1_208' title='bbox 1871 2221 2059 2276; x_wconf 65' lang='lat' dir='ltr'>facturi</span> <span class='ocrx_word' id='word_1_209' title='bbox 2089 2239 2266 2281; x_wconf 89' lang='lat' dir='ltr'>erant:</span> <span class='ocrx_word' id='word_1_210' title='bbox 2305 2247 2430 2302; x_wconf 85' lang='lat' dir='ltr'>prae-</span> 
     </span>
     <span class='ocr_line' id='line_1_23' title="bbox 292 2310 2521 2392; baseline 0.004 -26"><span class='ocrx_word' id='word_1_211' title='bbox 292 2312 471 2366; x_wconf 91' lang='lat' dir='ltr'>sertim</span> <span class='ocrx_word' id='word_1_212' title='bbox 508 2332 679 2385; x_wconf 92' lang='lat' dir='ltr'>quum</span> <span class='ocrx_word' id='word_1_213' title='bbox 722 2312 802 2365; x_wconf 91' lang='lat' dir='ltr'>his</span> <span class='ocrx_word' id='word_1_214' title='bbox 842 2312 1082 2364; x_wconf 90' lang='lat' dir='ltr'>civilibus</span> <span class='ocrx_word' id='word_1_215' title='bbox 1117 2311 1274 2363; x_wconf 90' lang='lat' dir='ltr'>armis</span> <span class='ocrx_word' id='word_1_216' title='bbox 1312 2310 1449 2362; x_wconf 68' lang='lat' dir='ltr'>dista</span> <span class='ocrx_word' id='word_1_217' title='bbox 1484 2311 1598 2374; x_wconf 90' lang='lat' dir='ltr'>alia,</span> <span class='ocrx_word' id='word_1_218' title='bbox 1641 2310 1728 2364; x_wconf 91' lang='lat' dir='ltr'>sed</span> <span class='ocrx_word' id='word_1_219' title='bbox 1766 2325 2025 2368; x_wconf 90' lang='lat' dir='ltr'>certatum</span> <span class='ocrx_word' id='word_1_220' title='bbox 2060 2319 2328 2392; x_wconf 92' lang='lat' dir='ltr'>utrimque</span> <span class='ocrx_word' id='word_1_221' title='bbox 2367 2320 2432 2374; x_wconf 88' lang='lat' dir='ltr'>de</span> <span class='ocrx_word' id='word_1_222' title='bbox 2517 2324 2521 2328; x_wconf 67' lang='grc'><strong>”</strong></span> 
     </span>
     <span class='ocr_line' id='line_1_24' title="bbox 294 2403 2432 2474; baseline 0.005 -17"><span class='ocrx_word' id='word_1_223' title='bbox 294 2406 655 2458; x_wconf 91' lang='lat' dir='ltr'>dominatione</span> <span class='ocrx_word' id='word_1_224' title='bbox 682 2405 737 2456; x_wconf 91' lang='lat' dir='ltr'>in</span> <span class='ocrx_word' id='word_1_225' title='bbox 764 2404 910 2457; x_wconf 90' lang='lat' dir='ltr'>vobis</span> <span class='ocrx_word' id='word_1_226' title='bbox 938 2405 1013 2456; x_wconf 90' lang='lat' dir='ltr'>fit.</span> <span class='ocrx_word' id='word_1_227' title='bbox 1096 2405 1282 2474; x_wconf 91' lang='lat' dir='ltr'>Itaque</span> <span class='ocrx_word' id='word_1_228' title='bbox 1308 2414 1478 2454; x_wconf 89' lang='lat' dir='ltr'>cetera</span> <span class='ocrx_word' id='word_1_229' title='bbox 1504 2421 1570 2454; x_wconf 87' lang='lat' dir='ltr'>ex</span> <span class='ocrx_word' id='word_1_230' title='bbox 1596 2403 1806 2457; x_wconf 91' lang='lat' dir='ltr'>licentia</span> <span class='ocrx_word' id='word_1_231' title='bbox 1833 2418 1924 2459; x_wconf 87' lang='lat' dir='ltr'>aut</span> <span class='ocrx_word' id='word_1_232' title='bbox 1958 2407 2080 2461; x_wconf 92' lang='lat' dir='ltr'>odio</span> <span class='ocrx_word' id='word_1_233' title='bbox 2106 2422 2196 2463; x_wconf 93' lang='lat' dir='ltr'>aut</span> <span class='ocrx_word' id='word_1_234' title='bbox 2221 2413 2432 2467; x_wconf 92' lang='lat' dir='ltr'>avaritia</span> 
     </span>
     <span class='ocr_line' id='line_1_25' title="bbox 295 2494 2433 2574; baseline 0.004 -24"><span class='ocrx_word' id='word_1_235' title='bbox 295 2499 350 2550; x_wconf 92' lang='lat' dir='ltr'>in</span> <span class='ocrx_word' id='word_1_236' title='bbox 377 2510 584 2570; x_wconf 90' lang='lat' dir='ltr'>tempus</span> <span class='ocrx_word' id='word_1_237' title='bbox 616 2494 797 2549; x_wconf 88' lang='lat' dir='ltr'>arsere.</span> <span class='ocrx_word' id='word_1_238' title='bbox 881 2495 1172 2548; x_wconf 90' lang='lat' dir='ltr'>Permanfit</span> <span class='ocrx_word' id='word_1_239' title='bbox 1209 2512 1314 2546; x_wconf 91' lang='lat' dir='ltr'>una</span> <span class='ocrx_word' id='word_1_240' title='bbox 1352 2512 1429 2546; x_wconf 90' lang='lat' dir='ltr'>res</span> <span class='ocrx_word' id='word_1_241' title='bbox 1464 2495 1642 2559; x_wconf 89' lang='lat' dir='ltr'>mod0‚</span> <span class='ocrx_word' id='word_1_242' title='bbox 1675 2515 1790 2568; x_wconf 85' lang='lat' dir='ltr'>quae</span> <span class='ocrx_word' id='word_1_243' title='bbox 1821 2499 2090 2572; x_wconf 90' lang='lat' dir='ltr'>utrimque</span> <span class='ocrx_word' id='word_1_244' title='bbox 2120 2504 2328 2574; x_wconf 86' lang='lat' dir='ltr'>quaefita</span> <span class='ocrx_word' id='word_1_245' title='bbox 2359 2505 2433 2558; x_wconf 91' lang='lat' dir='ltr'>est</span> 
     </span>
     <span class='ocr_line' id='line_1_26' title="bbox 296 2585 2428 2668; baseline 0.004 -26"><span class='ocrx_word' id='word_1_246' title='bbox 296 2603 347 2642; x_wconf 91' lang='lat' dir='ltr'>et</span> <span class='ocrx_word' id='word_1_247' title='bbox 373 2602 547 2662; x_wconf 89' lang='lat' dir='ltr'>erepta</span> <span class='ocrx_word' id='word_1_248' title='bbox 573 2589 627 2640; x_wconf 90' lang='lat' dir='ltr'>in</span> <span class='ocrx_word' id='word_1_249' title='bbox 655 2588 939 2661; x_wconf 90' lang='lat' dir='ltr'>posterum,</span> <span class='ocrx_word' id='word_1_250' title='bbox 962 2587 1036 2638; x_wconf 92' lang='lat' dir='ltr'>vis</span> <span class='ocrx_word' id='word_1_251' title='bbox 1056 2586 1354 2648; x_wconf 90' lang='lat' dir='ltr'>tribunicia,</span> <span class='ocrx_word' id='word_1_252' title='bbox 1376 2585 1545 2638; x_wconf 93' lang='lat' dir='ltr'>telum</span> <span class='ocrx_word' id='word_1_253' title='bbox 1566 2607 1595 2639; x_wconf 94' lang='lat' dir='ltr'>a</span> <span class='ocrx_word' id='word_1_254' title='bbox 1615 2589 1900 2660; x_wconf 90' lang='lat' dir='ltr'>majoribus</span> <span class='ocrx_word' id='word_1_255' title='bbox 1918 2591 2145 2646; x_wconf 91' lang='lat' dir='ltr'>libertati</span> <span class='ocrx_word' id='word_1_256' title='bbox 2169 2607 2428 2668; x_wconf 84' lang='lat' dir='ltr'>paratum.</span> 
     </span>
     <span class='ocr_line' id='line_1_27' title="bbox 299 2676 2433 2753; baseline 0.004 -20"><span class='ocrx_word' id='word_1_257' title='bbox 299 2681 460 2751; x_wconf 86' lang='lat' dir='ltr'>Qod</span> <span class='ocrx_word' id='word_1_258' title='bbox 486 2699 585 2753; x_wconf 87' lang='lat' dir='ltr'>ego</span> <span class='ocrx_word' id='word_1_259' title='bbox 612 2699 701 2732; x_wconf 92' lang='lat' dir='ltr'>vos</span> <span class='ocrx_word' id='word_1_260' title='bbox 729 2698 923 2732; x_wconf 92' lang='lat' dir='ltr'>moneo</span> <span class='ocrx_word' id='word_1_261' title='bbox 950 2676 1230 2751; x_wconf 87' lang='lat' dir='ltr'>quaesoque</span> <span class='ocrx_word' id='word_1_262' title='bbox 1258 2690 1318 2730; x_wconf 93' lang='lat' dir='ltr'>ut</span> <span class='ocrx_word' id='word_1_263' title='bbox 1351 2679 1802 2734; x_wconf 88' lang='lat' dir='ltr'>animadvertatis:</span> <span class='ocrx_word' id='word_1_264' title='bbox 1844 2701 1966 2746; x_wconf 92' lang='lat' dir='ltr'>neu,</span> <span class='ocrx_word' id='word_1_265' title='bbox 2003 2686 2222 2739; x_wconf 88' lang='lat' dir='ltr'>nomina</span> <span class='ocrx_word' id='word_1_266' title='bbox 2254 2706 2433 2741; x_wconf 88' lang='lat' dir='ltr'>rerum</span> 
     </span>
     <span class='ocr_line' id='line_1_28' title="bbox 298 2767 2432 2850; baseline 0.003 -25"><span class='ocrx_word' id='word_1_267' title='bbox 298 2774 361 2826; x_wconf 91' lang='lat' dir='ltr'>ad</span> <span class='ocrx_word' id='word_1_268' title='bbox 387 2774 652 2846; x_wconf 88' lang='lat' dir='ltr'>ignaviam</span> <span class='ocrx_word' id='word_1_269' title='bbox 680 2784 959 2835; x_wconf 80' lang='lat' dir='ltr'>mutanteS‚</span> <span class='ocrx_word' id='word_1_270' title='bbox 985 2772 1156 2824; x_wconf 91' lang='lat' dir='ltr'>otium</span> <span class='ocrx_word' id='word_1_271' title='bbox 1182 2788 1278 2842; x_wconf 91' lang='lat' dir='ltr'>pro</span> <span class='ocrx_word' id='word_1_272' title='bbox 1303 2767 1512 2822; x_wconf 91' lang='lat' dir='ltr'>servitio</span> <span class='ocrx_word' id='word_1_273' title='bbox 1539 2772 1821 2843; x_wconf 91' lang='lat' dir='ltr'>appelletis.</span> <span class='ocrx_word' id='word_1_274' title='bbox 1893 2774 2018 2847; x_wconf 82' lang='lat' dir='ltr'>Q&gt;</span> <span class='ocrx_word' id='word_1_275' title='bbox 2034 2775 2150 2847; x_wconf 92' lang='lat' dir='ltr'>jam</span> <span class='ocrx_word' id='word_1_276' title='bbox 2177 2776 2289 2850; x_wconf 92' lang='lat' dir='ltr'>ipso</span> <span class='ocrx_word' id='word_1_277' title='bbox 2309 2778 2432 2843; x_wconf 89' lang='lat' dir='ltr'>frui,</span> 
     </span>
     <span class='ocr_line' id='line_1_29' title="bbox 300 2860 2434 2936; baseline 0.003 -18"><span class='ocrx_word' id='word_1_278' title='bbox 300 2866 336 2918; x_wconf 89' lang='lat' dir='ltr'>fi</span> <span class='ocrx_word' id='word_1_279' title='bbox 376 2884 496 2917; x_wconf 89' lang='lat' dir='ltr'>vera</span> <span class='ocrx_word' id='word_1_280' title='bbox 539 2877 591 2917; x_wconf 93' lang='lat' dir='ltr'>et</span> <span class='ocrx_word' id='word_1_281' title='bbox 637 2863 853 2917; x_wconf 86' lang='lat' dir='ltr'>honesta</span> <span class='ocrx_word' id='word_1_282' title='bbox 904 2864 1167 2936; x_wconf 89' lang='lat' dir='ltr'>flagitium</span> <span class='ocrx_word' id='word_1_283' title='bbox 1213 2860 1545 2934; x_wconf 88' lang='lat' dir='ltr'>superaverit,</span> <span class='ocrx_word' id='word_1_284' title='bbox 1589 2880 1697 2914; x_wconf 90' lang='lat' dir='ltr'>non</span> <span class='ocrx_word' id='word_1_285' title='bbox 1739 2864 1812 2916; x_wconf 90' lang='lat' dir='ltr'>est</span> <span class='ocrx_word' id='word_1_286' title='bbox 1853 2867 2126 2921; x_wconf 89' lang='lat' dir='ltr'>condicio:</span> <span class='ocrx_word' id='word_1_287' title='bbox 2166 2867 2353 2934; x_wconf 75' lang='lat' dir='ltr'>fuifl‘et,</span> <span class='ocrx_word' id='word_1_288' title='bbox 2397 2871 2434 2924; x_wconf 91' lang='lat' dir='ltr'>fi</span> 
     </span>
     <span class='ocr_line' id='line_1_30' title="bbox 300 2943 2435 3034; baseline 0.002 -24"><span class='ocrx_word' id='word_1_289' title='bbox 300 2959 520 3010; x_wconf 91' lang='lat' dir='ltr'>omnino</span> <span class='ocrx_word' id='word_1_290' title='bbox 546 2957 821 3028; x_wconf 79' lang='lat' dir='ltr'>quieffetiS.</span> <span class='ocrx_word' id='word_1_291' title='bbox 902 2957 1068 3008; x_wconf 92' lang='lat' dir='ltr'>Nunc</span> <span class='ocrx_word' id='word_1_292' title='bbox 1095 2955 1338 3007; x_wconf 90' lang='lat' dir='ltr'>animum</span> <span class='ocrx_word' id='word_1_293' title='bbox 1366 2953 1650 3006; x_wconf 89' lang='lat' dir='ltr'>advortite:</span> <span class='ocrx_word' id='word_1_294' title='bbox 1692 2968 1760 3018; x_wconf 92' lang='lat' dir='ltr'>et,</span> <span class='ocrx_word' id='word_1_295' title='bbox 1788 2957 1883 3009; x_wconf 87' lang='lat' dir='ltr'>nifi</span> <span class='ocrx_word' id='word_1_296' title='bbox 1909 2959 2148 3023; x_wconf 76' lang='lat' dir='ltr'>viceriti8‚</span> <span class='ocrx_word' id='word_1_297' title='bbox 2169 2943 2435 3034; x_wconf 19' lang='lat' dir='ltr'>*quoniam</span> 
     </span>
     <span class='ocr_line' id='line_1_31' title="bbox 301 3044 2436 3126; baseline 0.003 -26"><span class='ocrx_word' id='word_1_298' title='bbox 301 3050 473 3101; x_wconf 91' lang='lat' dir='ltr'>omnis</span> <span class='ocrx_word' id='word_1_299' title='bbox 499 3048 689 3119; x_wconf 89' lang='lat' dir='ltr'>injuria</span> <span class='ocrx_word' id='word_1_300' title='bbox 715 3047 967 3120; x_wconf 88' lang='lat' dir='ltr'>gravitate</span> <span class='ocrx_word' id='word_1_301' title='bbox 995 3046 1158 3098; x_wconf 90' lang='lat' dir='ltr'>tutior</span> <span class='ocrx_word' id='word_1_302' title='bbox 1183 3045 1272 3107; x_wconf 89' lang='lat' dir='ltr'>est,</span> <span class='ocrx_word' id='word_1_303' title='bbox 1301 3046 1460 3098; x_wconf 91' lang='lat' dir='ltr'>artius</span> <span class='ocrx_word' id='word_1_304' title='bbox 1486 3044 1772 3100; x_wconf 90' lang='lat' dir='ltr'>habebunt.</span> <span class='ocrx_word' id='word_1_305' title='bbox 1854 3050 1999 3122; x_wconf 78' lang='lat' dir='ltr'>Qd</span> <span class='ocrx_word' id='word_1_306' title='bbox 2037 3051 2210 3106; x_wconf 92' lang='lat' dir='ltr'>censes</span> <span class='ocrx_word' id='word_1_307' title='bbox 2234 3049 2436 3126; x_wconf 83' lang='lat' dir='ltr'>igitur?</span> 
     </span>
     <span class='ocr_line' id='line_1_32' title="bbox 302 3136 2433 3211; baseline 0.003 -20"><span class='ocrx_word' id='word_1_308' title='bbox 302 3140 487 3211; x_wconf 91' lang='lat' dir='ltr'>aliquis</span> <span class='ocrx_word' id='word_1_309' title='bbox 538 3139 772 3191; x_wconf 90' lang='lat' dir='ltr'>vostrum</span> <span class='ocrx_word' id='word_1_310' title='bbox 823 3136 1117 3209; x_wconf 91' lang='lat' dir='ltr'>subjecerit.</span> <span class='ocrx_word' id='word_1_311' title='bbox 1201 3137 1448 3188; x_wconf 89' lang='lat' dir='ltr'>Primum</span> <span class='ocrx_word' id='word_1_312' title='bbox 1501 3139 1765 3204; x_wconf 90' lang='lat' dir='ltr'>omnium,</span> <span class='ocrx_word' id='word_1_313' title='bbox 1818 3143 2182 3196; x_wconf 91' lang='lat' dir='ltr'>omittundum</span> <span class='ocrx_word' id='word_1_314' title='bbox 2228 3163 2433 3198; x_wconf 92' lang='lat' dir='ltr'>morem</span> 
     </span>
     <span class='ocr_line' id='line_1_33' title="bbox 303 3228 2436 3302; baseline 0.004 -19"><span class='ocrx_word' id='word_1_315' title='bbox 303 3231 465 3294; x_wconf 88' lang='lat' dir='ltr'>hune,</span> <span class='ocrx_word' id='word_1_316' title='bbox 502 3250 660 3302; x_wconf 91' lang='lat' dir='ltr'>quem</span> <span class='ocrx_word' id='word_1_317' title='bbox 696 3231 862 3302; x_wconf 89' lang='lat' dir='ltr'>agitis,</span> <span class='ocrx_word' id='word_1_318' title='bbox 899 3230 1136 3301; x_wconf 87' lang='lat' dir='ltr'>impigrae</span> <span class='ocrx_word' id='word_1_319' title='bbox 1174 3228 1384 3300; x_wconf 89' lang='lat' dir='ltr'>linguae,</span> <span class='ocrx_word' id='word_1_320' title='bbox 1422 3229 1586 3280; x_wconf 89' lang='lat' dir='ltr'>animi</span> <span class='ocrx_word' id='word_1_321' title='bbox 1626 3231 1819 3302; x_wconf 89' lang='lat' dir='ltr'>ignavi,</span> <span class='ocrx_word' id='word_1_322' title='bbox 1858 3251 1965 3285; x_wconf 92' lang='lat' dir='ltr'>non</span> <span class='ocrx_word' id='word_1_323' title='bbox 2002 3235 2138 3287; x_wconf 93' lang='lat' dir='ltr'>ultra</span> <span class='ocrx_word' id='word_1_324' title='bbox 2171 3238 2436 3291; x_wconf 89' lang='lat' dir='ltr'>concionis</span> 
     </span>
     <span class='ocr_line' id='line_1_34' title="bbox 303 3318 2436 3401; baseline 0.004 -27"><span class='ocrx_word' id='word_1_325' title='bbox 303 3323 484 3375; x_wconf 92' lang='lat' dir='ltr'>locum</span> <span class='ocrx_word' id='word_1_326' title='bbox 526 3340 784 3373; x_wconf 91' lang='lat' dir='ltr'>memores</span> <span class='ocrx_word' id='word_1_327' title='bbox 820 3321 1084 3373; x_wconf 82' lang='lat' dir='ltr'>libertatis,</span> <span class='ocrx_word' id='word_1_328' title='bbox 1168 3319 1379 3372; x_wconf 88' lang='lat' dir='ltr'>Deinde</span> <span class='ocrx_word' id='word_1_329' title='bbox 1417 3318 1506 3391; x_wconf 89' lang='lat' dir='ltr'>(ne</span> <span class='ocrx_word' id='word_1_330' title='bbox 1541 3339 1629 3374; x_wconf 91' lang='lat' dir='ltr'>vos</span> <span class='ocrx_word' id='word_1_331' title='bbox 1669 3322 1733 3374; x_wconf 92' lang='lat' dir='ltr'>ad</span> <span class='ocrx_word' id='word_1_332' title='bbox 1771 3324 1939 3375; x_wconf 89' lang='lat' dir='ltr'>virilia</span> <span class='ocrx_word' id='word_1_333' title='bbox 1975 3324 2064 3377; x_wconf 92' lang='lat' dir='ltr'>illa</span> <span class='ocrx_word' id='word_1_334' title='bbox 2089 3344 2290 3390; x_wconf 91' lang='lat' dir='ltr'>vocem,</span> <span class='ocrx_word' id='word_1_335' title='bbox 2328 3348 2436 3401; x_wconf 95' lang='lat' dir='ltr'>quo</span> 
     </span>
     <span class='ocr_line' id='line_1_35' title="bbox 304 3411 2438 3492; baseline 0.004 -28"><span class='ocrx_word' id='word_1_336' title='bbox 304 3413 540 3465; x_wconf 88' lang='lat' dir='ltr'>tribunos</span> <span class='ocrx_word' id='word_1_337' title='bbox 566 3412 753 3484; x_wconf 91' lang='lat' dir='ltr'>plebei,</span> <span class='ocrx_word' id='word_1_338' title='bbox 782 3412 941 3463; x_wconf 93' lang='lat' dir='ltr'>modo</span> <span class='ocrx_word' id='word_1_339' title='bbox 966 3411 1248 3483; x_wconf 91' lang='lat' dir='ltr'>patricium</span> <span class='ocrx_word' id='word_1_340' title='bbox 1278 3411 1658 3483; x_wconf 87' lang='lat' dir='ltr'>magistratum,</span> <span class='ocrx_word' id='word_1_341' title='bbox 1686 3414 1846 3466; x_wconf 91' lang='lat' dir='ltr'>libera</span> <span class='ocrx_word' id='word_1_342' title='bbox 1873 3415 1936 3467; x_wconf 92' lang='lat' dir='ltr'>ab</span> <span class='ocrx_word' id='word_1_343' title='bbox 1963 3418 2258 3471; x_wconf 67' lang='lat' dir='ltr'>auctoribus</span> <span class='ocrx_word' id='word_1_344' title='bbox 2283 3422 2438 3492; x_wconf 90' lang='lat' dir='ltr'>patri-</span> 
     </span>
     <span class='ocr_line' id='line_1_36' title="bbox 304 3501 2435 3577; baseline 0.004 -21"><span class='ocrx_word' id='word_1_345' title='bbox 304 3505 395 3557; x_wconf 90' lang='lat' dir='ltr'>ciis</span> <span class='ocrx_word' id='word_1_346' title='bbox 420 3502 662 3575; x_wconf 85' lang='lat' dir='ltr'>suffragia</span> <span class='ocrx_word' id='word_1_347' title='bbox 689 3503 907 3574; x_wconf 89' lang='lat' dir='ltr'>majores</span> <span class='ocrx_word' id='word_1_348' title='bbox 934 3503 1090 3555; x_wconf 90' lang='lat' dir='ltr'>vostri</span> <span class='ocrx_word' id='word_1_349' title='bbox 1117 3501 1380 3575; x_wconf 90' lang='lat' dir='ltr'>paravere)</span> <span class='ocrx_word' id='word_1_350' title='bbox 1412 3505 1667 3575; x_wconf 77' lang='lat' dir='ltr'>quamvi8‚</span> <span class='ocrx_word' id='word_1_351' title='bbox 1700 3506 1950 3577; x_wconf 86' lang='lat' dir='ltr'>Qirites‚</span> <span class='ocrx_word' id='word_1_352' title='bbox 1987 3507 2043 3559; x_wconf 92' lang='lat' dir='ltr'>in</span> <span class='ocrx_word' id='word_1_353' title='bbox 2071 3508 2214 3561; x_wconf 91' lang='lat' dir='ltr'>vobis</span> <span class='ocrx_word' id='word_1_354' title='bbox 2246 3510 2322 3574; x_wconf 91' lang='lat' dir='ltr'>fit,</span> <span class='ocrx_word' id='word_1_355' title='bbox 2360 3524 2435 3576; x_wconf 92' lang='lat' dir='ltr'>ut,</span> 
     </span>
     <span class='ocr_line' id='line_1_37' title="bbox 306 3594 2435 3673; baseline 0.003 -24"><span class='ocrx_word' id='word_1_356' title='bbox 306 3615 421 3669; x_wconf 90' lang='lat' dir='ltr'>quae</span> <span class='ocrx_word' id='word_1_357' title='bbox 437 3595 571 3668; x_wconf 85' lang='lat' dir='ltr'>juffa</span> <span class='ocrx_word' id='word_1_358' title='bbox 597 3613 739 3647; x_wconf 92' lang='lat' dir='ltr'>nunc</span> <span class='ocrx_word' id='word_1_359' title='bbox 770 3613 866 3667; x_wconf 92' lang='lat' dir='ltr'>pro</span> <span class='ocrx_word' id='word_1_360' title='bbox 905 3595 1014 3647; x_wconf 90' lang='lat' dir='ltr'>aliis</span> <span class='ocrx_word' id='word_1_361' title='bbox 1055 3594 1297 3658; x_wconf 91' lang='lat' dir='ltr'>toleratis,</span> <span class='ocrx_word' id='word_1_362' title='bbox 1333 3613 1428 3667; x_wconf 94' lang='lat' dir='ltr'>pro</span> <span class='ocrx_word' id='word_1_363' title='bbox 1459 3596 1603 3648; x_wconf 92' lang='lat' dir='ltr'>vobis</span> <span class='ocrx_word' id='word_1_364' title='bbox 1634 3615 1801 3668; x_wconf 88' lang='lat' dir='ltr'>agere,</span> <span class='ocrx_word' id='word_1_365' title='bbox 1839 3610 1928 3650; x_wconf 90' lang='lat' dir='ltr'>aut</span> <span class='ocrx_word' id='word_1_366' title='bbox 1963 3617 2069 3651; x_wconf 92' lang='lat' dir='ltr'>non</span> <span class='ocrx_word' id='word_1_367' title='bbox 2103 3618 2254 3673; x_wconf 91' lang='lat' dir='ltr'>agere</span> <span class='ocrx_word' id='word_1_368' title='bbox 2279 3615 2435 3666; x_wconf 89' lang='lat' dir='ltr'>certe,</span> 
     </span>
    </p>
   </div>
  </div>
 </body>
</html>
