<?xml version="1.0" encoding="UTF-8"?>
<!DOCTYPE html PUBLIC "-//W3C//DTD XHTML 1.0 Transitional//EN"
    "http://www.w3.org/TR/xhtml1/DTD/xhtml1-transitional.dtd">
<html xmlns="http://www.w3.org/1999/xhtml" xml:lang="en" lang="en">
 <head>
  <title>
</title>
<meta http-equiv="Content-Type" content="text/html;charset=utf-8" />
  <meta name='ocr-system' content='tesseract 3.04.00' />
  <meta name='ocr-capabilities' content='ocr_page ocr_carea ocr_par ocr_line ocrx_word'/>
</head>
<body>
  <div class='ocr_page' id='page_1' title='image "./operaquaeextanta00salluoft_0034.png"; bbox 0 0 2722 4146; ppageno 0'>
   <div class='ocr_carea' id='block_1_1' title="bbox 369 252 1979 342">
    <p class='ocr_par' dir='ltr' id='par_1_1' title="bbox 369 252 1979 342">
     <span class='ocr_line' id='line_1_1' title="bbox 369 252 1979 342; baseline -0.008 -16"><span class='ocrx_word' id='word_1_1' title='bbox 369 284 455 342; x_wconf 88' lang='lat'>24</span> <span class='ocrx_word' id='word_1_2' title='bbox 905 259 981 320; x_wconf 92' lang='lat' dir='ltr'>C.</span> <span class='ocrx_word' id='word_1_3' title='bbox 1059 257 1394 318; x_wconf 86' lang='lat' dir='ltr'>CRISPI</span> <span class='ocrx_word' id='word_1_4' title='bbox 1463 252 1979 316; x_wconf 91' lang='lat' dir='ltr'>SALLUSTII</span> 
     </span>
    </p>
   </div>
   <div class='ocr_carea' id='block_1_2' title="bbox 367 424 2516 1402">
    <p class='ocr_par' dir='ltr' id='par_1_2' title="bbox 367 424 2516 1402">
     <span class='ocr_line' id='line_1_2' title="bbox 367 424 2510 524; baseline -0.005 -25"><span class='ocrx_word' id='word_1_5' title='bbox 367 433 747 524; x_wconf 85' lang='lat' dir='ltr'>impendeat,</span> <span class='ocrx_word' id='word_1_6' title='bbox 787 455 1047 521; x_wconf 88' lang='lat' dir='ltr'>propere</span> <span class='ocrx_word' id='word_1_7' title='bbox 1089 454 1198 520; x_wconf 92' lang='lat' dir='ltr'>per</span> <span class='ocrx_word' id='word_1_8' title='bbox 1242 428 1525 494; x_wconf 91' lang='lat' dir='ltr'>Fulviam</span> <span class='ocrx_word' id='word_1_9' title='bbox 1575 429 1867 492; x_wconf 89' lang='lat' dir='ltr'>Ciceroni</span> <span class='ocrx_word' id='word_1_10' title='bbox 1906 424 2147 506; x_wconf 92' lang='lat' dir='ltr'>dolum,</span> <span class='ocrx_word' id='word_1_11' title='bbox 2183 427 2291 515; x_wconf 92' lang='lat' dir='ltr'>qui</span> <span class='ocrx_word' id='word_1_12' title='bbox 2331 449 2510 514; x_wconf 87' lang='lat' dir='ltr'>para-</span> 
     </span>
     <span class='ocr_line' id='line_1_3' title="bbox 370 549 2512 643; baseline -0.005 -18"><span class='ocrx_word' id='word_1_13' title='bbox 370 562 568 640; x_wconf 88' lang='lat' dir='ltr'>batur,</span> <span class='ocrx_word' id='word_1_14' title='bbox 626 561 937 624; x_wconf 86' lang='lat' dir='ltr'>enunciat.</span> <span class='ocrx_word' id='word_1_15' title='bbox 1062 561 1156 621; x_wconf 91' lang='lat' dir='ltr'>Ita</span> <span class='ocrx_word' id='word_1_16' title='bbox 1210 553 1300 619; x_wconf 93' lang='lat' dir='ltr'>illi</span> <span class='ocrx_word' id='word_1_17' title='bbox 1343 553 1539 643; x_wconf 90' lang='lat' dir='ltr'>janua</span> <span class='ocrx_word' id='word_1_18' title='bbox 1605 550 1922 642; x_wconf 90' lang='lat' dir='ltr'>prohibiti,</span> <span class='ocrx_word' id='word_1_19' title='bbox 1975 567 2220 616; x_wconf 89' lang='lat' dir='ltr'>tantum</span> <span class='ocrx_word' id='word_1_20' title='bbox 2275 549 2512 616; x_wconf 88' lang='lat' dir='ltr'>facinus</span> 
     </span>
     <span class='ocr_line' id='line_1_4' title="bbox 370 675 2511 769; baseline -0.002 -23"><span class='ocrx_word' id='word_1_21' title='bbox 370 680 586 746; x_wconf 89' lang='lat' dir='ltr'>frustra</span> <span class='ocrx_word' id='word_1_22' title='bbox 644 680 1050 769; x_wconf 88' lang='lat' dir='ltr'>susceperant.</span> <span class='ocrx_word' id='word_1_23' title='bbox 1179 681 1423 742; x_wconf 89' lang='lat' dir='ltr'>Interea</span> <span class='ocrx_word' id='word_1_24' title='bbox 1484 675 1760 741; x_wconf 90' lang='lat' dir='ltr'>Manlius</span> <span class='ocrx_word' id='word_1_25' title='bbox 1822 679 1889 741; x_wconf 90' lang='lat' dir='ltr'>in</span> <span class='ocrx_word' id='word_1_26' title='bbox 1954 680 2199 742; x_wconf 91' lang='lat' dir='ltr'>Etruria</span> <span class='ocrx_word' id='word_1_27' title='bbox 2260 675 2511 767; x_wconf 90' lang='lat' dir='ltr'>plebem</span> 
     </span>
     <span class='ocr_line' id='line_1_5' title="bbox 370 800 2511 894; baseline -0.002 -22"><span class='ocrx_word' id='word_1_28' title='bbox 370 807 711 887; x_wconf 89' lang='lat' dir='ltr'>sollicitare,</span> <span class='ocrx_word' id='word_1_29' title='bbox 750 805 1015 894; x_wconf 89' lang='lat' dir='ltr'>egestate</span> <span class='ocrx_word' id='word_1_30' title='bbox 1064 801 1246 869; x_wconf 90' lang='lat' dir='ltr'>fimul</span> <span class='ocrx_word' id='word_1_31' title='bbox 1289 826 1362 866; x_wconf 87' lang='lat' dir='ltr'>ac</span> <span class='ocrx_word' id='word_1_32' title='bbox 1402 800 1615 866; x_wconf 90' lang='lat' dir='ltr'>dolore</span> <span class='ocrx_word' id='word_1_33' title='bbox 1667 801 1902 892; x_wconf 87' lang='lat' dir='ltr'>injuriae</span> <span class='ocrx_word' id='word_1_34' title='bbox 1953 827 2255 868; x_wconf 90' lang='lat' dir='ltr'>novarum</span> <span class='ocrx_word' id='word_1_35' title='bbox 2304 828 2511 868; x_wconf 91' lang='lat' dir='ltr'>rerum</span> 
     </span>
     <span class='ocr_line' id='line_1_6' title="bbox 371 928 2514 1021; baseline -0 -24"><span class='ocrx_word' id='word_1_36' title='bbox 371 932 689 1021; x_wconf 89' lang='lat' dir='ltr'>cupidam,</span> <span class='ocrx_word' id='word_1_37' title='bbox 746 931 919 1020; x_wconf 91' lang='lat' dir='ltr'>quod</span> <span class='ocrx_word' id='word_1_38' title='bbox 983 929 1162 995; x_wconf 87' lang='lat' dir='ltr'>Sullae</span> <span class='ocrx_word' id='word_1_39' title='bbox 1221 929 1651 994; x_wconf 88' lang='lat' dir='ltr'>dominatione</span> <span class='ocrx_word' id='word_1_40' title='bbox 1714 953 1892 1016; x_wconf 91' lang='lat' dir='ltr'>agros</span> <span class='ocrx_word' id='word_1_41' title='bbox 1948 928 2239 1018; x_wconf 88' lang='lat' dir='ltr'>bonaque</span> <span class='ocrx_word' id='word_1_42' title='bbox 2302 933 2514 996; x_wconf 89' lang='lat' dir='ltr'>omnia</span> 
     </span>
     <span class='ocr_line' id='line_1_7' title="bbox 371 1053 2514 1147; baseline 0 -24"><span class='ocrx_word' id='word_1_43' title='bbox 371 1057 689 1138; x_wconf 85' lang='lat' dir='ltr'>amiserat3</span> <span class='ocrx_word' id='word_1_44' title='bbox 741 1075 1032 1147; x_wconf 87' lang='lat' dir='ltr'>praeterea</span> <span class='ocrx_word' id='word_1_45' title='bbox 1071 1056 1337 1122; x_wconf 88' lang='lat' dir='ltr'>latrones</span> <span class='ocrx_word' id='word_1_46' title='bbox 1383 1053 1679 1144; x_wconf 89' lang='lat' dir='ltr'>cujusque</span> <span class='ocrx_word' id='word_1_47' title='bbox 1724 1059 1987 1144; x_wconf 88' lang='lat' dir='ltr'>generis,</span> <span class='ocrx_word' id='word_1_48' title='bbox 2023 1081 2294 1146; x_wconf 92' lang='lat' dir='ltr'>quorum</span> <span class='ocrx_word' id='word_1_49' title='bbox 2332 1059 2397 1122; x_wconf 89' lang='lat' dir='ltr'>in</span> <span class='ocrx_word' id='word_1_50' title='bbox 2441 1082 2514 1124; x_wconf 89' lang='lat' dir='ltr'>ea</span> 
     </span>
     <span class='ocr_line' id='line_1_8' title="bbox 372 1181 2512 1274; baseline -0.001 -24"><span class='ocrx_word' id='word_1_51' title='bbox 372 1188 624 1273; x_wconf 86' lang='lat' dir='ltr'>regione</span> <span class='ocrx_word' id='word_1_52' title='bbox 676 1209 903 1273; x_wconf 87' lang='lat' dir='ltr'>magna</span> <span class='ocrx_word' id='word_1_53' title='bbox 946 1186 1130 1274; x_wconf 85' lang='lat' dir='ltr'>copia</span> <span class='ocrx_word' id='word_1_54' title='bbox 1181 1200 1350 1262; x_wconf 84' lang='lat' dir='ltr'>erat3</span> <span class='ocrx_word' id='word_1_55' title='bbox 1423 1181 1758 1247; x_wconf 90' lang='lat' dir='ltr'>nonnullos</span> <span class='ocrx_word' id='word_1_56' title='bbox 1811 1208 1887 1247; x_wconf 85' lang='lat' dir='ltr'>ex</span> <span class='ocrx_word' id='word_1_57' title='bbox 1938 1182 2199 1248; x_wconf 89' lang='lat' dir='ltr'>Sullanis</span> <span class='ocrx_word' id='word_1_58' title='bbox 2255 1182 2512 1264; x_wconf 80' lang='lat' dir='ltr'>coloniS,</span> 
     </span>
     <span class='ocr_line' id='line_1_9' title="bbox 372 1308 2516 1402; baseline -0 -25"><span class='ocrx_word' id='word_1_59' title='bbox 372 1312 595 1402; x_wconf 91' lang='lat' dir='ltr'>quibus</span> <span class='ocrx_word' id='word_1_60' title='bbox 633 1311 850 1377; x_wconf 92' lang='lat' dir='ltr'>lubido</span> <span class='ocrx_word' id='word_1_61' title='bbox 891 1328 1078 1401; x_wconf 90' lang='lat' dir='ltr'>atque</span> <span class='ocrx_word' id='word_1_62' title='bbox 1122 1310 1364 1376; x_wconf 87' lang='lat' dir='ltr'>luxuria</span> <span class='ocrx_word' id='word_1_63' title='bbox 1402 1334 1481 1374; x_wconf 88' lang='lat' dir='ltr'>ex</span> <span class='ocrx_word' id='word_1_64' title='bbox 1519 1312 1756 1398; x_wconf 89' lang='lat' dir='ltr'>magnis</span> <span class='ocrx_word' id='word_1_65' title='bbox 1808 1312 2034 1400; x_wconf 87' lang='lat' dir='ltr'>rapinis</span> <span class='ocrx_word' id='word_1_66' title='bbox 2087 1308 2243 1375; x_wconf 91' lang='lat' dir='ltr'>nihil</span> <span class='ocrx_word' id='word_1_67' title='bbox 2292 1310 2516 1400; x_wconf 89' lang='lat' dir='ltr'>reliqui</span> 
     </span>
    </p>
   </div>
   <div class='ocr_carea' id='block_1_3' title="bbox 373 1437 665 1504">
    <p class='ocr_par' dir='ltr' id='par_1_3' title="bbox 373 1437 665 1504">
     <span class='ocr_line' id='line_1_10' title="bbox 373 1437 665 1504; baseline -0.003 0"><span class='ocrx_word' id='word_1_68' title='bbox 373 1437 665 1504; x_wconf 88' lang='lat' dir='ltr'>fecerant.</span> 
     </span>
    </p>
   </div>
   <div class='ocr_carea' id='block_1_4' title="bbox 1351 1806 1553 1857">
    <p class='ocr_par' dir='ltr' id='par_1_4' title="bbox 1351 1806 1553 1857">
     <span class='ocr_line' id='line_1_11' title="bbox 1351 1806 1553 1857; baseline 0 0"><span class='ocrx_word' id='word_1_69' title='bbox 1351 1806 1553 1857; x_wconf 93' lang='lat' dir='ltr'>XXIX.</span> 
     </span>
    </p>
   </div>
   <div class='ocr_carea' id='block_1_5' title="bbox 408 1949 655 1967">
    <p class='ocr_par' dir='ltr' id='par_1_5' title="bbox 408 1949 655 1967">
     <span class='ocr_line' id='line_1_12' title="bbox 408 1949 655 1967; baseline 0.004 -9"><span class='ocrx_word' id='word_1_70' title='bbox 408 1949 504 1959; x_wconf 56' lang='grc' dir='ltr'>..Α</span> <span class='ocrx_word' id='word_1_71' title='bbox 545 1951 593 1959; x_wconf 53' lang='grc' dir='ltr'>,Α</span> <span class='ocrx_word' id='word_1_72' title='bbox 622 1954 655 1967; x_wconf 61' lang='lat'>0*</span> 
     </span>
    </p>
   </div>
   <div class='ocr_carea' id='block_1_6' title="bbox 392 1967 437 2073">
    <p class='ocr_par' dir='ltr' id='par_1_6' title="bbox 392 1967 437 2073">
     <span class='ocr_line' id='line_1_13' title="bbox 392 1967 437 2073; baseline 0 -21"><span class='ocrx_word' id='word_1_73' title='bbox 392 1967 437 2073; x_wconf 56' lang='lat' dir='ltr'><strong>n</strong></span> 
     </span>
    </p>
   </div>
   <div class='ocr_carea' id='block_1_7' title="bbox 477 1947 2515 2087">
    <p class='ocr_par' dir='ltr' id='par_1_7' title="bbox 477 1947 2515 2087">
     <span class='ocr_line' id='line_1_14' title="bbox 477 1947 2515 2087; baseline 0.003 -80"><span class='ocrx_word' id='word_1_74' title='bbox 477 1948 756 2087; x_wconf 36' lang='grc' dir='ltr'>ΜΛ</span> <span class='ocrx_word' id='word_1_75' title='bbox 789 1969 988 2034; x_wconf 91' lang='lat' dir='ltr'>quum</span> <span class='ocrx_word' id='word_1_76' title='bbox 1033 1947 1327 2009; x_wconf 90' lang='lat' dir='ltr'>Ciceroni</span> <span class='ocrx_word' id='word_1_77' title='bbox 1368 1948 1831 2027; x_wconf 89' lang='lat' dir='ltr'>nunciarentur,</span> <span class='ocrx_word' id='word_1_78' title='bbox 1873 1949 2128 2038; x_wconf 90' lang='lat' dir='ltr'>ancipiti</span> <span class='ocrx_word' id='word_1_79' title='bbox 2173 1947 2340 2013; x_wconf 87' lang='lat' dir='ltr'>malo</span> <span class='ocrx_word' id='word_1_80' title='bbox 2372 1973 2515 2037; x_wconf 91' lang='lat' dir='ltr'>per-</span> 
     </span>
    </p>
   </div>
   <div class='ocr_carea' id='block_1_8' title="bbox 370 1935 694 2258">
    <p class='ocr_par' dir='ltr' id='par_1_8' title="bbox 370 1935 694 2258">
     <span class='ocr_line' id='line_1_15' title="bbox 370 1935 694 2258; baseline 0 0"><span class='ocrx_word' id='word_1_81' title='bbox 370 1935 694 2258; x_wconf 95' lang='lat' dir='ltr'>  </span> 
     </span>
    </p>
   </div>
   <div class='ocr_carea' id='block_1_9' title="bbox 374 2072 2579 3301">
    <p class='ocr_par' dir='ltr' id='par_1_9' title="bbox 411 2072 2514 2164">
     <span class='ocr_line' id='line_1_16' title="bbox 411 2072 2514 2164; baseline 0.004 -31"><span class='ocrx_word' id='word_1_82' title='bbox 411 2080 421 2157; x_wconf 63' lang='lat'><em>}</em></span> <span class='ocrx_word' id='word_1_83' title='bbox 506 2101 566 2159; x_wconf 61' lang='lat'>19*</span> <span class='ocrx_word' id='word_1_84' title='bbox 739 2090 966 2151; x_wconf 81' lang='lat' dir='ltr'>motuS,</span> <span class='ocrx_word' id='word_1_85' title='bbox 1002 2073 1175 2161; x_wconf 92' lang='lat' dir='ltr'>quod</span> <span class='ocrx_word' id='word_1_86' title='bbox 1213 2097 1420 2161; x_wconf 91' lang='lat' dir='ltr'>neque</span> <span class='ocrx_word' id='word_1_87' title='bbox 1452 2073 1673 2138; x_wconf 92' lang='lat' dir='ltr'>urbem</span> <span class='ocrx_word' id='word_1_88' title='bbox 1711 2074 1788 2139; x_wconf 92' lang='lat' dir='ltr'>ab</span> <span class='ocrx_word' id='word_1_89' title='bbox 1826 2072 2055 2139; x_wconf 89' lang='lat' dir='ltr'>infidiis</span> <span class='ocrx_word' id='word_1_90' title='bbox 2090 2078 2326 2164; x_wconf 92' lang='lat' dir='ltr'>privato</span> <span class='ocrx_word' id='word_1_91' title='bbox 2358 2100 2514 2140; x_wconf 92' lang='lat' dir='ltr'>con—</span> 
     </span>
    </p>

    <p class='ocr_par' dir='ltr' id='par_1_10' title="bbox 374 2168 2579 3301">
     <span class='ocr_line' id='line_1_17' title="bbox 478 2195 2516 2289; baseline 0.003 -29"><span class='ocrx_word' id='word_1_92' title='bbox 478 2228 503 2240; x_wconf 66' lang='lat'>-</span> <span class='ocrx_word' id='word_1_93' title='bbox 546 2229 571 2247; x_wconf 69' lang='lat'>=</span> <span class='ocrx_word' id='word_1_94' title='bbox 668 2200 681 2240; x_wconf 56' lang='grc' dir='ltr'>ὲ</span> <span class='ocrx_word' id='word_1_95' title='bbox 737 2195 871 2262; x_wconf 89' lang='lat' dir='ltr'>filio</span> <span class='ocrx_word' id='word_1_96' title='bbox 903 2197 1149 2287; x_wconf 92' lang='lat' dir='ltr'>longius</span> <span class='ocrx_word' id='word_1_97' title='bbox 1191 2202 1348 2263; x_wconf 90' lang='lat' dir='ltr'>tueri</span> <span class='ocrx_word' id='word_1_98' title='bbox 1390 2216 1656 2289; x_wconf 89' lang='lat' dir='ltr'>poterat,</span> <span class='ocrx_word' id='word_1_99' title='bbox 1690 2224 1917 2288; x_wconf 91' lang='lat' dir='ltr'>neque,</span> <span class='ocrx_word' id='word_1_100' title='bbox 1950 2203 2251 2266; x_wconf 86' lang='lat' dir='ltr'>exercitus</span> <span class='ocrx_word' id='word_1_101' title='bbox 2289 2202 2516 2267; x_wconf 91' lang='lat' dir='ltr'>Manlii</span> 
     </span>
     <span class='ocr_line' id='line_1_18' title="bbox 374 2324 2572 2416; baseline 0.005 -33"><span class='ocrx_word' id='word_1_102' title='bbox 374 2338 642 2408; x_wconf 90' lang='lat' dir='ltr'>quantus</span> <span class='ocrx_word' id='word_1_103' title='bbox 675 2340 783 2388; x_wconf 91' lang='lat' dir='ltr'>aut</span> <span class='ocrx_word' id='word_1_104' title='bbox 816 2350 945 2413; x_wconf 90' lang='lat' dir='ltr'>quo</span> <span class='ocrx_word' id='word_1_105' title='bbox 980 2324 1236 2391; x_wconf 79' lang='lat' dir='ltr'>consilio</span> <span class='ocrx_word' id='word_1_106' title='bbox 1258 2325 1441 2406; x_wconf 90' lang='lat' dir='ltr'>foret,</span> <span class='ocrx_word' id='word_1_107' title='bbox 1469 2327 1602 2392; x_wconf 88' lang='lat' dir='ltr'>satis</span> <span class='ocrx_word' id='word_1_108' title='bbox 1636 2345 2030 2416; x_wconf 89' lang='lat' dir='ltr'>compertum</span> <span class='ocrx_word' id='word_1_109' title='bbox 2062 2327 2349 2409; x_wconf 89' lang='lat' dir='ltr'>habebat,</span> <span class='ocrx_word' id='word_1_110' title='bbox 2381 2354 2515 2394; x_wconf 91' lang='lat' dir='ltr'>rem</span> <span class='ocrx_word' id='word_1_111' title='bbox 2568 2362 2572 2366; x_wconf 85' lang='grc'><em>·</em></span> 
     </span>
     <span class='ocr_line' id='line_1_19' title="bbox 375 2447 2511 2543; baseline 0.005 -33"><span class='ocrx_word' id='word_1_112' title='bbox 375 2447 453 2510; x_wconf 92' lang='lat' dir='ltr'>ad</span> <span class='ocrx_word' id='word_1_113' title='bbox 507 2447 787 2515; x_wconf 90' lang='lat' dir='ltr'>senatum</span> <span class='ocrx_word' id='word_1_114' title='bbox 838 2450 1047 2533; x_wconf 90' lang='lat' dir='ltr'>refert,</span> <span class='ocrx_word' id='word_1_115' title='bbox 1088 2452 1223 2542; x_wconf 86' lang='lat' dir='ltr'>jam</span> <span class='ocrx_word' id='word_1_116' title='bbox 1273 2471 1453 2518; x_wconf 88' lang='lat' dir='ltr'>antea</span> <span class='ocrx_word' id='word_1_117' title='bbox 1504 2452 1676 2541; x_wconf 88' lang='lat' dir='ltr'>vulgi</span> <span class='ocrx_word' id='word_1_118' title='bbox 1721 2454 2069 2519; x_wconf 90' lang='lat' dir='ltr'>rumoribus</span> <span class='ocrx_word' id='word_1_119' title='bbox 2120 2458 2511 2543; x_wconf 87' lang='lat' dir='ltr'>exagitatam.</span> 
     </span>
     <span class='ocr_line' id='line_1_20' title="bbox 375 2577 2514 2669; baseline 0.006 -33"><span class='ocrx_word' id='word_1_120' title='bbox 375 2577 617 2662; x_wconf 87' lang='lat' dir='ltr'>Itaque,</span> <span class='ocrx_word' id='word_1_121' title='bbox 652 2578 826 2664; x_wconf 90' lang='lat' dir='ltr'>quod</span> <span class='ocrx_word' id='word_1_122' title='bbox 859 2577 1230 2668; x_wconf 90' lang='lat' dir='ltr'>plerumque</span> <span class='ocrx_word' id='word_1_123' title='bbox 1272 2582 1337 2645; x_wconf 93' lang='lat' dir='ltr'>in</span> <span class='ocrx_word' id='word_1_124' title='bbox 1375 2583 1570 2646; x_wconf 90' lang='lat' dir='ltr'>atroci</span> <span class='ocrx_word' id='word_1_125' title='bbox 1608 2583 1863 2669; x_wconf 88' lang='lat' dir='ltr'>negotio</span> <span class='ocrx_word' id='word_1_126' title='bbox 1901 2580 2073 2662; x_wconf 88' lang='lat' dir='ltr'>solet,</span> <span class='ocrx_word' id='word_1_127' title='bbox 2122 2587 2376 2647; x_wconf 89' lang='lat' dir='ltr'>Senatus</span> <span class='ocrx_word' id='word_1_128' title='bbox 2408 2583 2514 2648; x_wconf 89' lang='lat' dir='ltr'>de-</span> 
     </span>
     <span class='ocr_line' id='line_1_21' title="bbox 374 2704 2514 2796; baseline 0.005 -33"><span class='ocrx_word' id='word_1_129' title='bbox 374 2704 583 2781; x_wconf 88' lang='lat' dir='ltr'>crevit,</span> <span class='ocrx_word' id='word_1_130' title='bbox 619 2704 836 2770; x_wconf 89' lang='lat' dir='ltr'>darent</span> <span class='ocrx_word' id='word_1_131' title='bbox 868 2731 1123 2795; x_wconf 93' lang='lat' dir='ltr'>operam</span> <span class='ocrx_word' id='word_1_132' title='bbox 1156 2706 1457 2787; x_wconf 89' lang='lat' dir='ltr'>consules,</span> <span class='ocrx_word' id='word_1_133' title='bbox 1492 2733 1571 2772; x_wconf 91' lang='lat' dir='ltr'>ne</span> <span class='ocrx_word' id='word_1_134' title='bbox 1605 2709 1758 2796; x_wconf 93' lang='lat' dir='ltr'>quid</span> <span class='ocrx_word' id='word_1_135' title='bbox 1789 2707 2129 2796; x_wconf 86' lang='lat' dir='ltr'>respublica</span> <span class='ocrx_word' id='word_1_136' title='bbox 2161 2709 2514 2775; x_wconf 89' lang='lat' dir='ltr'>detrimenti</span> 
     </span>
     <span class='ocr_line' id='line_1_22' title="bbox 375 2832 2515 2923; baseline 0.005 -33"><span class='ocrx_word' id='word_1_137' title='bbox 375 2846 641 2916; x_wconf 87' lang='lat' dir='ltr'>caperet.</span> <span class='ocrx_word' id='word_1_138' title='bbox 741 2835 832 2896; x_wconf 89' lang='lat' dir='ltr'>Ea</span> <span class='ocrx_word' id='word_1_139' title='bbox 866 2832 1128 2921; x_wconf 87' lang='lat' dir='ltr'>potestas</span> <span class='ocrx_word' id='word_1_140' title='bbox 1163 2858 1274 2923; x_wconf 92' lang='lat' dir='ltr'>per</span> <span class='ocrx_word' id='word_1_141' title='bbox 1304 2838 1620 2913; x_wconf 88' lang='lat' dir='ltr'>Senatum,</span> <span class='ocrx_word' id='word_1_142' title='bbox 1647 2859 1819 2899; x_wconf 89' lang='lat' dir='ltr'>more</span> <span class='ocrx_word' id='word_1_143' title='bbox 1847 2840 2165 2914; x_wconf 89' lang='lat' dir='ltr'>Roman0,</span> <span class='ocrx_word' id='word_1_144' title='bbox 2197 2835 2515 2923; x_wconf 88' lang='lat' dir='ltr'>magistra—</span> 
     </span>
     <span class='ocr_line' id='line_1_23' title="bbox 376 2956 2512 3051; baseline 0.005 -34"><span class='ocrx_word' id='word_1_145' title='bbox 376 2956 466 3017; x_wconf 91' lang='lat' dir='ltr'>tui</span> <span class='ocrx_word' id='word_1_146' title='bbox 513 2980 805 3022; x_wconf 86' lang='lat' dir='ltr'>maxuma</span> <span class='ocrx_word' id='word_1_147' title='bbox 847 2961 1262 3047; x_wconf 86' lang='lat' dir='ltr'>permittitur3</span> <span class='ocrx_word' id='word_1_148' title='bbox 1333 2964 1675 3026; x_wconf 84' lang='lat' dir='ltr'>exercitum</span> <span class='ocrx_word' id='word_1_149' title='bbox 1716 2986 1948 3051; x_wconf 86' lang='lat' dir='ltr'>parare,</span> <span class='ocrx_word' id='word_1_150' title='bbox 1994 2961 2228 3026; x_wconf 92' lang='lat' dir='ltr'>bellum</span> <span class='ocrx_word' id='word_1_151' title='bbox 2277 2987 2512 3050; x_wconf 86' lang='lat' dir='ltr'>gerere,</span> 
     </span>
     <span class='ocr_line' id='line_1_24' title="bbox 376 3084 2511 3178; baseline 0.006 -37"><span class='ocrx_word' id='word_1_152' title='bbox 376 3102 659 3145; x_wconf 91' lang='lat' dir='ltr'>coercere</span> <span class='ocrx_word' id='word_1_153' title='bbox 694 3084 982 3148; x_wconf 89' lang='lat' dir='ltr'>omnibus</span> <span class='ocrx_word' id='word_1_154' title='bbox 1018 3086 1218 3150; x_wconf 91' lang='lat' dir='ltr'>modis</span> <span class='ocrx_word' id='word_1_155' title='bbox 1251 3086 1444 3152; x_wconf 89' lang='lat' dir='ltr'>socios</span> <span class='ocrx_word' id='word_1_156' title='bbox 1483 3106 1671 3177; x_wconf 88' lang='lat' dir='ltr'>atque</span> <span class='ocrx_word' id='word_1_157' title='bbox 1704 3090 1888 3153; x_wconf 88' lang='lat' dir='ltr'>civis:</span> <span class='ocrx_word' id='word_1_158' title='bbox 1943 3088 2116 3152; x_wconf 92' lang='lat' dir='ltr'>domi</span> <span class='ocrx_word' id='word_1_159' title='bbox 2155 3087 2511 3178; x_wconf 89' lang='lat' dir='ltr'>militiaeque</span> 
     </span>
     <span class='ocr_line' id='line_1_25' title="bbox 375 3190 2579 3301; baseline 0.006 -35"><span class='ocrx_word' id='word_1_160' title='bbox 375 3206 707 3293; x_wconf 90' lang='lat' dir='ltr'>imperium</span> <span class='ocrx_word' id='word_1_161' title='bbox 770 3228 956 3299; x_wconf 90' lang='lat' dir='ltr'>atque</span> <span class='ocrx_word' id='word_1_162' title='bbox 1008 3211 1324 3301; x_wconf 91' lang='lat' dir='ltr'>judicium</span> <span class='ocrx_word' id='word_1_163' title='bbox 1387 3213 1701 3278; x_wconf 88' lang='lat' dir='ltr'>summum</span> <span class='ocrx_word' id='word_1_164' title='bbox 1762 3213 1988 3278; x_wconf 91' lang='lat' dir='ltr'>habere</span> <span class='ocrx_word' id='word_1_165' title='bbox 2022 3241 2042 3294; x_wconf 85' lang='lat'>3</span> <span class='ocrx_word' id='word_1_166' title='bbox 2125 3214 2318 3295; x_wconf 88' lang='lat' dir='ltr'>aliter,</span> <span class='ocrx_word' id='word_1_167' title='bbox 2383 3213 2510 3280; x_wconf 88' lang='lat' dir='ltr'>fine</span> <span class='ocrx_word' id='word_1_168' title='bbox 2576 3190 2579 3195; x_wconf 15' lang='lat'><strong><em>¹</em></strong></span> 
     </span>
    </p>
   </div>
   <div class='ocr_carea' id='block_1_10' title="bbox 374 3330 2034 3428">
    <p class='ocr_par' dir='ltr' id='par_1_11' title="bbox 374 3330 2034 3428">
     <span class='ocr_line' id='line_1_26' title="bbox 374 3330 2034 3428; baseline 0.007 -35"><span class='ocrx_word' id='word_1_169' title='bbox 374 3330 592 3419; x_wconf 92' lang='lat' dir='ltr'>populi</span> <span class='ocrx_word' id='word_1_170' title='bbox 614 3331 803 3421; x_wconf 78' lang='lat' dir='ltr'>juffU,</span> <span class='ocrx_word' id='word_1_171' title='bbox 839 3336 994 3401; x_wconf 92' lang='lat' dir='ltr'>nulli</span> <span class='ocrx_word' id='word_1_172' title='bbox 1028 3363 1239 3403; x_wconf 89' lang='lat' dir='ltr'>earum</span> <span class='ocrx_word' id='word_1_173' title='bbox 1273 3365 1479 3405; x_wconf 91' lang='lat' dir='ltr'>rerum</span> <span class='ocrx_word' id='word_1_174' title='bbox 1514 3338 1772 3405; x_wconf 91' lang='lat' dir='ltr'>Consuli</span> <span class='ocrx_word' id='word_1_175' title='bbox 1791 3338 1895 3428; x_wconf 88' lang='lat' dir='ltr'>jus</span> <span class='ocrx_word' id='word_1_176' title='bbox 1928 3337 2034 3405; x_wconf 93' lang='lat' dir='ltr'>est.</span> 
     </span>
    </p>
   </div>
  </div>
 </body>
</html>
