2722 4146
664 321 1063 384 BELLUM
1126 319 1902 411 JUGURTHINUM.
2213 337 2339 399 123

225 492 416 560 castra
461 517 721 583 propere
764 494 976 572 mittit,
1008 517 1081 557 ac
1124 491 1327 558 statim
1365 496 1442 558 C.
1477 495 1755 558 Marium
1797 516 1944 557 cum
1990 489 2346 556 cohortibus

225 621 572 700 sociorum;
639 644 911 708 eumque
959 618 1307 684 lacrumans
1359 643 1470 708 per
1515 621 1853 686 amicitiam
1906 643 2141 709 perque
2188 642 2348 684 rem-

223 746 540 838 publicam
588 745 883 827 obsecrat,
917 771 995 811 ne
1035 771 1224 835 quam
1273 745 1720 810 contumeliam
1767 769 2083 811 remanere
2127 747 2193 810 in
2241 769 2347 811 ex-

223 876 419 940 ercitu
469 876 719 953 victore,
768 897 922 938 neve
978 871 1176 937 hostes
1225 871 1454 936 inultos
1505 872 1670 937 abire
1721 869 1895 938 finat.
2011 870 2124 936 Ille
2182 871 2349 936 brevi

225 1001 518 1066 mandata
571 1000 801 1065 efficit:
882 1017 946 1064 at
994 998 1328 1092 Jugurtha,
1385 1001 1781 1064 munimento
1834 997 2170 1064 castrorum
2227 1000 2348 1064 im-

225 1126 492 1218 peditus,
557 1150 756 1215 quum
820 1125 923 1191 alii
986 1125 1165 1214 super
1227 1123 1458 1189 vallum
1522 1129 2069 1216 praecipitarentur,
2119 1125 2224 1191 alii
2284 1128 2349 1190 in

226 1252 518 1343 angustiis
569 1251 682 1342 ipfi
730 1251 840 1317 fibi
893 1268 1291 1342 properantes
1338 1251 1685 1333 officerent,
1732 1252 1944 1317 multis
1992 1251 2237 1332 amiffiS,
2286 1254 2351 1316 in

225 1377 367 1444 loca
410 1378 648 1442 munita
696 1376 812 1441 sese
860 1379 1113 1466 recepit.
1226 1377 1545 1458 MetelluS,
1590 1376 1820 1443 infecS'to
1868 1379 2145 1465 negotiO,
2189 1376 2353 1467 post-

227 1529 418 1595 quam
448 1527 577 1568 nox
607 1504 838 1584 aderat,
872 1505 937 1567 in
969 1502 1159 1569 castra
1191 1529 1339 1569 cum
1371 1507 1645 1570 exercitu
1678 1505 2020 1570 revertitur.

1215 1879 1361 1932 LIX.

350 2012 378 2022 ‘⁴
414 2000 844 2153 ‘QGGITUR
887 2002 1130 2093 postero
1173 2004 1296 2084 die,
1338 2002 1691 2093 priusquam
1735 2002 1816 2067 ad
1859 2002 2359 2092 oppugnandum

416 2131 505 2190 :13
603 2129 1020 2218 egrederetur,
1065 2132 1414 2221 equitatum
1463 2154 1717 2194 omnem
1766 2131 1832 2193 in
1880 2154 1954 2194 ea
2001 2146 2195 2219 parte,
2235 2153 2361 2217 qua

539 2224 547 2246 ι
604 2258 761 2344 regis
823 2255 1121 2321 adventus
1184 2272 1333 2336 erat,
1399 2280 1514 2345 pro
1577 2254 1779 2321 castris
1842 2257 2072 2343 agitare
2136 2254 2356 2344 jubet:

233 2399 437 2472 portas
470 2399 534 2447 et
566 2407 870 2471 proxuma
913 2382 1054 2448 loca
1086 2382 1343 2447 tribunis
1377 2381 1652 2471 dispertit
1673 2410 1691 2447 ε
1742 2382 1970 2447 deinde
2002 2381 2127 2471 ipse
2161 2385 2363 2471 pergit

232 2509 312 2574 ad
367 2509 696 2599 oppidum,
747 2526 956 2598 atque,
1000 2512 1093 2574 uti
1153 2509 1459 2599 superiore
1509 2509 1630 2590 die,
1677 2533 1929 2574 murum
1983 2509 2358 2597 aggreditur.

236 2635 493 2698 Interim
532 2631 845 2724 Jugurtha
887 2657 965 2698 ex
1008 2633 1261 2699 occulto
1302 2652 1556 2724 repente
1602 2633 1835 2700 nostros
1878 2635 2132 2702 invadit.
2234 2637 2364 2722 Qi

235 2762 302 2825 in
352 2784 662 2849 proxumo
713 2758 901 2824 locati
953 2757 1217 2841 fuerant,
1268 2761 1594 2852 paullisper
1643 2765 1835 2827 territi
1885 2762 2360 2851 perturbantur:

234 2885 457 2975 reliqui
506 2888 631 2950 cito
682 2885 1068 2952 subveniunt.
1184 2893 1414 2978 Neque
1467 2889 1696 2955 diutius
1748 2889 2044 2953 Numidae
2096 2886 2362 2952 resistere

237 3012 583 3102 quivifl'ent,
610 3014 675 3076 ni
700 3013 934 3101 pedites
958 3038 1107 3078 cum
1139 3015 1447 3103 equitibus
1481 3016 1767 3104 permixti
1799 3038 2094 3102 magnam
2119 3011 2363 3079 cladem

237 3141 304 3204 in
329 3139 649 3227 congrefl‘u
683 3138 977 3220 facerent,
1003 3141 1226 3229 quibus
1257 3140 1349 3206 illi
1380 3140 1539 3220 freti,
1566 3165 1717 3220 non,
1744 3142 1836 3205 uti
1860 3137 2124 3229 equestri
2155 3138 2364 3229 praelio

238 3263 412 3344 solet,
469 3264 658 3354 sequi,
716 3266 860 3330 dein
924 3266 1143 3331 cedere
1164 3292 1186 3346 3
1267 3266 1370 3331 sed
1426 3265 1684 3332 adverfis
1745 3268 1919 3355 equis
1974 3291 2363 3346 concurrere,

239 3389 557 3479 implicare
609 3416 681 3456 ac
729 3392 1084 3480 perturbare
1136 3395 1356 3472 aciem,
1406 3396 1491 3458 ita
1541 3394 1842 3483 expeditis
1892 3393 2200 3483 peditibus
2250 3392 2365 3457 suis

241 3514 425 3581 hostis
458 3542 630 3606 paene
662 3519 849 3582 victos
883 3519 1050 3587 dare.
