2722 4146
318 253 448 315 170
846 228 921 289 C.
998 223 1328 287 CRISPI
1397 222 1911 285 SALLUSTII

309 404 492 469 lunt:
543 402 710 480 dein,
759 398 929 464 Sulla
990 399 1204 463 omnia
1255 395 1558 486 pollicito,
1607 395 1796 477 dodi,
1845 422 1975 487 quo
2025 399 2218 464 modo
2273 401 2442 490 apud

312 531 611 606 Marium,
663 529 816 591 item
866 525 1036 615 apud
1086 529 1383 590 Senatum
1436 523 1619 590 verba
1671 522 1967 604 facerent,
2018 527 2259 591 circiter
2314 528 2442 593 dies

313 654 722 745 quadraginta
753 651 989 717 ibidem
1021 654 1451 742 opperiuntur.

1299 906 1446 959 CIV.

608 1034 934 1110 ARIUS,
991 1028 1319 1120 postquam
1370 1029 1657 1097 confecto
1713 1035 1990 1122 negoti0,
2047 1058 2176 1123 quo
2238 1037 2445 1103 inten—

515 1159 529 1174 '
607 1179 617 1221 3
692 1158 887 1238 derat,
923 1159 1165 1222 Cirtam
1197 1157 1380 1238 redit,
1415 1157 1493 1223 de
1526 1143 1799 1224 adventu
1830 1159 2179 1248 legatorum
2223 1165 2446 1229 certior

492 1281 639 1347 εἴη’
693 1283 908 1365 fastus,
942 1283 1200 1374 illosque
1234 1301 1299 1349 et
1340 1284 1576 1350 Sullam
1608 1286 1689 1350 ad
1720 1284 1779 1351 se
1810 1288 2018 1352 venire
2041 1286 2244 1376 jubet,
2294 1290 2446 1355 item

320 1417 388 1477 L.
429 1411 778 1478 Bellienum
811 1417 1149 1478 Praetorem
1193 1413 1270 1477 ab
1316 1415 1524 1493 Utica,
1573 1430 1864 1503 praeterea
1905 1438 2122 1479 omnes
2164 1415 2446 1506 undique

318 1542 618 1605 Senatorii
680 1539 932 1619 ordinis,
996 1538 1368 1628 quibuscum
1441 1539 1735 1604 mandata
1808 1539 2043 1604 Bocchi
2106 1543 2442 1630 cognoscit.

319 1669 563 1755 Legatis
629 1666 891 1756 potestas
954 1667 1148 1732 eundi
1212 1670 1488 1731 Romam
1553 1664 1629 1731 fit
1691 1666 1769 1731 ab
1832 1666 2153 1748 Consule3
2213 1671 2447 1737 interea

317 1793 580 1858 induciae
636 1792 1123 1882 postulabantur.
1240 1797 1332 1858 Ea
1387 1792 1565 1857 Sullae
1629 1810 1692 1858 et
1746 1792 2050 1883 plerisque
2113 1795 2444 1884 placuere:

318 1922 502 2010 pauci
534 1919 798 1985 ferocius
831 1921 1200 2000 decernunt,
1234 1918 1466 1985 scilicet
1509 1922 1706 2007 ignari
1749 1919 2168 1987 humanarum
2215 1948 2444 2007 rerum,

317 2073 453 2136 quae
486 2045 665 2112 fluxae
699 2065 762 2112 61
793 2047 1052 2113 mobiles
1085 2047 1323 2136 semper
1355 2049 1420 2111 in
1454 2047 1701 2112 adversa
1732 2065 2074 2113 mutantur.
2149 2053 2448 2118 Ceterum

317 2177 548 2255 Mauri,
592 2178 931 2265 impetratis
971 2175 1283 2255 omnibu8,
1329 2191 1447 2239 tres
1497 2179 1773 2240 Romam
1817 2174 2077 2264 profecti
2123 2175 2264 2242 sunt
2300 2203 2448 2245 cum
2520 2244 2525 2248 ,

318 2307 440 2368 Cn.
509 2305 768 2368 octavio
834 2300 1031 2382 Rufo,
1095 2305 1205 2391 qui
1268 2301 1530 2391 quaestor
1593 2301 1972 2392 stipendium
2035 2306 2099 2368 in
2166 2303 2448 2372 Africam
2516 2330 2521 2334 ·

318 2448 700 2519 portaverat:
753 2430 883 2494 duo
914 2431 994 2495 ad
1026 2453 1239 2518 regem
1271 2430 1556 2500 redeunt.
1656 2435 1753 2494 Ex
1785 2429 1878 2495 his
1923 2430 2206 2497 Bocchus
2250 2457 2448 2522 quum

319 2575 542 2637 cetera,
577 2576 711 2623 tum
757 2581 1051 2622 maxume
1097 2557 1545 2645 benignitatem
1589 2574 1653 2622 et
1695 2556 1969 2621 studium
2012 2557 2190 2623 Sullae
2229 2557 2449 2626 lubens

319 2687 582 2774 accepit.
695 2689 916 2749 Romae
966 2684 1182 2772 legatis
1246 2683 1399 2774 ejuS,
1464 2683 1793 2774 postquam
1857 2684 2072 2749 erraffe
2126 2709 2339 2774 regem
2387 2705 2451 2753 61

319 2811 642 2903 Jugurthae
676 2811 901 2877 scelere
934 2811 1175 2902 lapsum
1208 2813 1525 2902 deprecati
1556 2812 1716 2891 sunt,
1760 2813 2098 2877 amicitiam
2142 2829 2206 2878 et
2247 2810 2447 2879 foedus

321 2940 669 3029 petentibus
702 2939 826 3004 hoc
859 2939 1053 3004 modo
1085 2938 1492 3029 respondetur
1519 2969 1535 3004 ε

416 3076 457 3107 “
478 3072 734 3131 Senatus
768 3083 832 3131 et
863 3065 1131 3156 populus
1167 3071 1491 3132 Romanus
1526 3062 1818 3131 beneficii
1848 3082 1912 3130 et
1942 3063 2175 3154 injuriae
2208 3089 2448 3131 memor

322 3193 442 3257 effe
506 3193 674 3258 solet.
790 3197 1092 3258 Ceterum
1165 3192 1440 3273 Bocch0,
1515 3193 1815 3281 quoniam
1887 3191 2168 3280 poenitet,
2241 3187 2448 3254 deliai

322 3323 582 3408 gratiam
631 3319 780 3386 facit
798 3348 818 3400 3
869 3320 1069 3386 foedus
1122 3339 1185 3386 et
1235 3322 1508 3386 amicitia
1564 3318 1898 3397 dabuntur,
1943 3340 2143 3405 quum
2194 3340 2447 3405 prome-

320 3448 569 3512 ruerit.’'
