<?xml version="1.0" encoding="UTF-8"?>
<!DOCTYPE html PUBLIC "-//W3C//DTD XHTML 1.0 Transitional//EN"
    "http://www.w3.org/TR/xhtml1/DTD/xhtml1-transitional.dtd">
<html xmlns="http://www.w3.org/1999/xhtml" xml:lang="en" lang="en">
 <head>
  <title>
</title>
<meta http-equiv="Content-Type" content="text/html;charset=utf-8" />
  <meta name='ocr-system' content='tesseract 3.04.00' />
  <meta name='ocr-capabilities' content='ocr_page ocr_carea ocr_par ocr_line ocrx_word'/>
</head>
<body>
  <div class='ocr_page' id='page_1' title='image "./operaquaeextanta00salluoft_0189.png"; bbox 0 0 2722 4146; ppageno 0'>
   <div class='ocr_carea' id='block_1_1' title="bbox 0 2271 26 4146">
    <p class='ocr_par' dir='ltr' id='par_1_1' title="bbox 0 2271 26 4146">
     <span class='ocr_line' id='line_1_1' title="bbox 0 2271 26 4146; baseline 0 0"><span class='ocrx_word' id='word_1_1' title='bbox 0 2271 26 4146; x_wconf 95' lang='lat' dir='ltr'> </span> 
     </span>
    </p>
   </div>
   <div class='ocr_carea' id='block_1_2' title="bbox 595 387 2166 743">
    <p class='ocr_par' dir='ltr' id='par_1_2' title="bbox 595 387 2166 743">
     <span class='ocr_line' id='line_1_2' title="bbox 595 387 2166 743; baseline 0 3403"><span class='ocrx_word' id='word_1_2' title='bbox 595 387 2166 743; x_wconf 95' lang='lat' dir='ltr'> </span> 
     </span>
    </p>
   </div>
   <div class='ocr_carea' id='block_1_3' title="bbox 313 989 2438 1217">
    <p class='ocr_par' dir='ltr' id='par_1_3' title="bbox 313 989 2438 1217">
     <span class='ocr_line' id='line_1_3' title="bbox 313 989 2438 1056; baseline -0.002 0"><span class='ocrx_word' id='word_1_3' title='bbox 313 995 431 1056; x_wconf 93' lang='lat' dir='ltr'>EX</span> <span class='ocrx_word' id='word_1_4' title='bbox 481 993 558 1055; x_wconf 91' lang='lat' dir='ltr'>C.</span> <span class='ocrx_word' id='word_1_5' title='bbox 611 992 893 1055; x_wconf 89' lang='lat' dir='ltr'>CRISPI</span> <span class='ocrx_word' id='word_1_6' title='bbox 950 989 1397 1054; x_wconf 91' lang='lat' dir='ltr'>SALLUSTII</span> <span class='ocrx_word' id='word_1_7' title='bbox 1454 989 2095 1053; x_wconf 91' lang='lat' dir='ltr'>HISTORIARUM</span> <span class='ocrx_word' id='word_1_8' title='bbox 2163 990 2438 1052; x_wconf 93' lang='lat' dir='ltr'>LIBRIS</span> 
     </span>
     <span class='ocr_line' id='line_1_4' title="bbox 1083 1150 1680 1217; baseline 0.007 -4"><span class='ocrx_word' id='word_1_9' title='bbox 1083 1150 1680 1217; x_wconf 89' lang='lat' dir='ltr'><strong>FRAGMENTA.</strong></span> 
     </span>
    </p>
   </div>
   <div class='ocr_carea' id='block_1_4' title="bbox 1156 1391 1615 1444">
    <p class='ocr_par' dir='ltr' id='par_1_4' title="bbox 1156 1391 1615 1444">
     <span class='ocr_line' id='line_1_5' title="bbox 1156 1391 1615 1444; baseline -0.002 0"><span class='ocrx_word' id='word_1_10' title='bbox 1156 1391 1256 1444; x_wconf 94' lang='lat' dir='ltr'>EX</span> <span class='ocrx_word' id='word_1_11' title='bbox 1295 1391 1528 1444; x_wconf 89' lang='lat' dir='ltr'>LIBRO</span> <span class='ocrx_word' id='word_1_12' title='bbox 1570 1391 1615 1444; x_wconf 92' lang='lat'>1.</span> 
     </span>
    </p>
   </div>
   <div class='ocr_carea' id='block_1_5' title="bbox 311 1513 2441 1679">
    <p class='ocr_par' dir='ltr' id='par_1_5' title="bbox 311 1513 2441 1679">
     <span class='ocr_line' id='line_1_6' title="bbox 311 1513 2441 1587; baseline -0.002 -16"><span class='ocrx_word' id='word_1_13' title='bbox 311 1519 397 1571; x_wconf 91' lang='grc' dir='ltr'>Μ.</span> <span class='ocrx_word' id='word_1_14' title='bbox 422 1515 617 1570; x_wconf 85' lang='lat' dir='ltr'>AEmilii</span> <span class='ocrx_word' id='word_1_15' title='bbox 636 1513 821 1587; x_wconf 86' lang='lat' dir='ltr'><em>Lepidi</em></span> <span class='ocrx_word' id='word_1_16' title='bbox 842 1513 951 1585; x_wconf 75' lang='lat' dir='ltr'>Cqfi</span> <span class='ocrx_word' id='word_1_17' title='bbox 977 1513 1049 1567; x_wconf 88' lang='lat' dir='ltr'>ad</span> <span class='ocrx_word' id='word_1_18' title='bbox 1063 1515 1133 1568; x_wconf 90' lang='lat' dir='ltr'>P.</span> <span class='ocrx_word' id='word_1_19' title='bbox 1162 1516 1230 1568; x_wconf 89' lang='lat' dir='ltr'>R.</span> <span class='ocrx_word' id='word_1_20' title='bbox 1258 1515 1414 1568; x_wconf 85' lang='lat' dir='ltr'>oratio</span> <span class='ocrx_word' id='word_1_21' title='bbox 1444 1526 1618 1568; x_wconf 88' lang='lat' dir='ltr'>contra</span> <span class='ocrx_word' id='word_1_22' title='bbox 1656 1515 1861 1568; x_wconf 84' lang='lat' dir='ltr'><em>Sullam.</em></span> <span class='ocrx_word' id='word_1_23' title='bbox 1942 1515 2086 1568; x_wconf 89' lang='lat' dir='ltr'>Sulla</span> <span class='ocrx_word' id='word_1_24' title='bbox 2122 1526 2342 1569; x_wconf 84' lang='lat' dir='ltr'>mortuus</span> <span class='ocrx_word' id='word_1_25' title='bbox 2376 1515 2441 1587; x_wconf 76' lang='lat' dir='ltr'>est</span> 
     </span>
     <span class='ocr_line' id='line_1_7' title="bbox 461 1603 2051 1679; baseline 0 -19"><span class='ocrx_word' id='word_1_26' title='bbox 461 1609 548 1660; x_wconf 91' lang='lat' dir='ltr'>M.</span> <span class='ocrx_word' id='word_1_27' title='bbox 576 1605 776 1660; x_wconf 87' lang='lat' dir='ltr'>AEmilio</span> <span class='ocrx_word' id='word_1_28' title='bbox 800 1603 986 1678; x_wconf 84' lang='lat' dir='ltr'>Lepido</span> <span class='ocrx_word' id='word_1_29' title='bbox 1010 1606 1081 1678; x_wconf 72' lang='lat' dir='ltr'><em>Q</em></span> <span class='ocrx_word' id='word_1_30' title='bbox 1106 1605 1317 1659; x_wconf 84' lang='lat' dir='ltr'>Lutatio</span> <span class='ocrx_word' id='word_1_31' title='bbox 1346 1606 1523 1659; x_wconf 86' lang='lat' dir='ltr'>Catulo</span> <span class='ocrx_word' id='word_1_32' title='bbox 1551 1605 1674 1679; x_wconf 81' lang='lat' dir='ltr'>Coffi</span> <span class='ocrx_word' id='word_1_33' title='bbox 1701 1625 1827 1660; x_wconf 84' lang='lat' dir='ltr'>anno</span> <span class='ocrx_word' id='word_1_34' title='bbox 1854 1606 1961 1678; x_wconf 85' lang='lat'>676</span> <span class='ocrx_word' id='word_1_35' title='bbox 1990 1607 2051 1660; x_wconf 91' lang='lat' dir='ltr'>U.</span> 
     </span>
    </p>
   </div>
   <div class='ocr_carea' id='block_1_6' title="bbox 312 1763 2442 3686">
    <p class='ocr_par' dir='ltr' id='par_1_6' title="bbox 324 1763 2442 1945">
     <span class='ocr_line' id='line_1_8' title="bbox 324 1763 2440 1855; baseline -0.002 -15"><span class='ocrx_word' id='word_1_36' title='bbox 324 1819 330 1840; x_wconf 43' lang='lat' dir='ltr'><strong><em>s</em></strong></span> <span class='ocrx_word' id='word_1_37' title='bbox 369 1791 414 1848; x_wconf 57' lang='lat' dir='ltr'><em>f</em></span> <span class='ocrx_word' id='word_1_38' title='bbox 580 1785 694 1851; x_wconf 42' lang='lat'>«223.</span> <span class='ocrx_word' id='word_1_39' title='bbox 747 1784 763 1794; x_wconf 76' lang='grc'><em>·</em></span> <span class='ocrx_word' id='word_1_40' title='bbox 780 1780 1193 1835; x_wconf 87' lang='lat' dir='ltr'><strong>LEMENTIA</strong></span> <span class='ocrx_word' id='word_1_41' title='bbox 1218 1791 1270 1832; x_wconf 82' lang='lat' dir='ltr'>et</span> <span class='ocrx_word' id='word_1_42' title='bbox 1293 1779 1520 1853; x_wconf 77' lang='lat' dir='ltr'>probitas</span> <span class='ocrx_word' id='word_1_43' title='bbox 1546 1779 2007 1852; x_wconf 66' lang='lat' dir='ltr'>vostra,Q1jrites,</span> <span class='ocrx_word' id='word_1_44' title='bbox 2028 1781 2218 1854; x_wconf 79' lang='lat' dir='ltr'>quibus</span> <span class='ocrx_word' id='word_1_45' title='bbox 2243 1763 2335 1855; x_wconf 74' lang='lat' dir='ltr'>&#39;per</span> <span class='ocrx_word' id='word_1_46' title='bbox 2360 1801 2440 1835; x_wconf 81' lang='lat' dir='ltr'>ce-</span> 
     </span>
     <span class='ocr_line' id='line_1_9' title="bbox 544 1868 2442 1945; baseline 0 -19"><span class='ocrx_word' id='word_1_47' title='bbox 544 1869 552 1882; x_wconf 77' lang='grc'><strong>“</strong></span> <span class='ocrx_word' id='word_1_48' title='bbox 591 1868 628 1893; x_wconf 63' lang='grc'>’“</span> <span class='ocrx_word' id='word_1_49' title='bbox 653 1876 671 1899; x_wconf 64' lang='grc'><strong>“</strong></span> <span class='ocrx_word' id='word_1_50' title='bbox 683 1868 732 1896; x_wconf 54' lang='lat'>‘⁹’</span> <span class='ocrx_word' id='word_1_51' title='bbox 818 1884 948 1925; x_wconf 88' lang='lat' dir='ltr'>teras</span> <span class='ocrx_word' id='word_1_52' title='bbox 967 1882 1146 1945; x_wconf 58' lang='lat' dir='ltr'>gentes</span> <span class='ocrx_word' id='word_1_53' title='bbox 1161 1872 1404 1924; x_wconf 85' lang='lat' dir='ltr'>maxumi</span> <span class='ocrx_word' id='word_1_54' title='bbox 1419 1883 1471 1925; x_wconf 96' lang='lat' dir='ltr'>et</span> <span class='ocrx_word' id='word_1_55' title='bbox 1486 1872 1612 1924; x_wconf 90' lang='lat' dir='ltr'>clari</span> <span class='ocrx_word' id='word_1_56' title='bbox 1628 1871 1759 1935; x_wconf 88' lang='lat' dir='ltr'>estis,</span> <span class='ocrx_word' id='word_1_57' title='bbox 1778 1872 2073 1945; x_wconf 90' lang='lat' dir='ltr'>plurimum</span> <span class='ocrx_word' id='word_1_58' title='bbox 2089 1873 2291 1927; x_wconf 90' lang='lat' dir='ltr'>timoris</span> <span class='ocrx_word' id='word_1_59' title='bbox 2307 1873 2442 1927; x_wconf 88' lang='lat' dir='ltr'>mihi</span> 
     </span>
    </p>

    <p class='ocr_par' dir='ltr' id='par_1_7' title="bbox 673 1960 2440 2136">
     <span class='ocr_line' id='line_1_10' title="bbox 817 1960 2440 2038; baseline 0.002 -23"><span class='ocrx_word' id='word_1_60' title='bbox 817 1962 1018 2016; x_wconf 90' lang='lat' dir='ltr'>faciunt</span> <span class='ocrx_word' id='word_1_61' title='bbox 1043 1960 1317 2015; x_wconf 88' lang='lat' dir='ltr'>adversum</span> <span class='ocrx_word' id='word_1_62' title='bbox 1342 1964 1674 2035; x_wconf 88' lang='lat' dir='ltr'><strong>tyrannidem</strong></span> <span class='ocrx_word' id='word_1_63' title='bbox 1701 1965 1765 2018; x_wconf 89' lang='lat' dir='ltr'>L.</span> <span class='ocrx_word' id='word_1_64' title='bbox 1791 1965 1943 2017; x_wconf 86' lang='lat' dir='ltr'>Sullae</span> <span class='ocrx_word' id='word_1_65' title='bbox 1964 1986 1978 2028; x_wconf 89' lang='lat'>;</span> <span class='ocrx_word' id='word_1_66' title='bbox 2007 1983 2073 2017; x_wconf 92' lang='lat' dir='ltr'>ne</span> <span class='ocrx_word' id='word_1_67' title='bbox 2099 1977 2206 2028; x_wconf 90' lang='lat' dir='ltr'>aut,</span> <span class='ocrx_word' id='word_1_68' title='bbox 2233 1966 2326 2038; x_wconf 91' lang='lat' dir='ltr'>ipfi</span> <span class='ocrx_word' id='word_1_69' title='bbox 2352 1985 2440 2018; x_wconf 91' lang='lat' dir='ltr'>ne—</span> 
     </span>
     <span class='ocr_line' id='line_1_11' title="bbox 673 2053 2440 2136; baseline 0.001 -29"><span class='ocrx_word' id='word_1_70' title='bbox 673 2054 689 2136; x_wconf 42' lang='lat'>⁷.</span> <span class='ocrx_word' id='word_1_71' title='bbox 716 2075 732 2107; x_wconf 57' lang='grc' dir='ltr'><em>α</em></span> <span class='ocrx_word' id='word_1_72' title='bbox 818 2054 974 2109; x_wconf 91' lang='lat' dir='ltr'>fanda</span> <span class='ocrx_word' id='word_1_73' title='bbox 1012 2072 1127 2126; x_wconf 88' lang='lat' dir='ltr'>quae</span> <span class='ocrx_word' id='word_1_74' title='bbox 1160 2053 1453 2117; x_wconf 80' lang='lat' dir='ltr'>aestumatiS,</span> <span class='ocrx_word' id='word_1_75' title='bbox 1490 2073 1550 2107; x_wconf 91' lang='lat' dir='ltr'>ea</span> <span class='ocrx_word' id='word_1_76' title='bbox 1585 2073 1774 2127; x_wconf 90' lang='lat' dir='ltr'>parum</span> <span class='ocrx_word' id='word_1_77' title='bbox 1814 2055 2074 2108; x_wconf 90' lang='lat' dir='ltr'>credendo</span> <span class='ocrx_word' id='word_1_78' title='bbox 2100 2055 2164 2108; x_wconf 93' lang='lat' dir='ltr'>de</span> <span class='ocrx_word' id='word_1_79' title='bbox 2190 2056 2316 2119; x_wconf 92' lang='lat' dir='ltr'>aliis,</span> <span class='ocrx_word' id='word_1_80' title='bbox 2343 2057 2440 2109; x_wconf 92' lang='lat' dir='ltr'>cir-</span> 
     </span>
    </p>

    <p class='ocr_par' dir='ltr' id='par_1_8' title="bbox 312 2143 2440 3686">
     <span class='ocr_line' id='line_1_12' title="bbox 375 2143 2440 2219; baseline 0 -20"><span class='ocrx_word' id='word_1_81' title='bbox 375 2192 416 2205; x_wconf 48' lang='lat'>„</span> <span class='ocrx_word' id='word_1_82' title='bbox 520 2206 527 2209; x_wconf 28' lang='lat'><em>¹</em></span> <span class='ocrx_word' id='word_1_83' title='bbox 651 2162 660 2208; x_wconf 58' lang='grc' dir='ltr'><strong><em>ς</em></strong></span> <span class='ocrx_word' id='word_1_84' title='bbox 746 2148 762 2159; x_wconf 65' lang='grc'>“</span> <span class='ocrx_word' id='word_1_85' title='bbox 818 2145 1257 2208; x_wconf 84' lang='lat' dir='ltr'>cumveniamini3</span> <span class='ocrx_word' id='word_1_86' title='bbox 1278 2143 1559 2218; x_wconf 88' lang='lat' dir='ltr'>praesertim</span> <span class='ocrx_word' id='word_1_87' title='bbox 1579 2165 1750 2218; x_wconf 92' lang='lat' dir='ltr'>quum</span> <span class='ocrx_word' id='word_1_88' title='bbox 1769 2146 1847 2198; x_wconf 94' lang='lat' dir='ltr'>illi</span> <span class='ocrx_word' id='word_1_89' title='bbox 1865 2144 1975 2219; x_wconf 91' lang='lat' dir='ltr'>spes</span> <span class='ocrx_word' id='word_1_90' title='bbox 1991 2147 2162 2199; x_wconf 92' lang='lat' dir='ltr'>omnis</span> <span class='ocrx_word' id='word_1_91' title='bbox 2177 2147 2233 2199; x_wconf 94' lang='lat' dir='ltr'>in</span> <span class='ocrx_word' id='word_1_92' title='bbox 2253 2145 2440 2200; x_wconf 90' lang='lat' dir='ltr'>scelere</span> 
     </span>
     <span class='ocr_line' id='line_1_13' title="bbox 314 2236 2440 2316; baseline -0.002 -19"><span class='ocrx_word' id='word_1_93' title='bbox 314 2255 473 2316; x_wconf 90' lang='lat' dir='ltr'>atque</span> <span class='ocrx_word' id='word_1_94' title='bbox 497 2240 713 2315; x_wconf 87' lang='lat' dir='ltr'>perfidia</span> <span class='ocrx_word' id='word_1_95' title='bbox 738 2239 815 2303; x_wconf 92' lang='lat' dir='ltr'>fit,</span> <span class='ocrx_word' id='word_1_96' title='bbox 837 2257 1009 2311; x_wconf 92' lang='lat' dir='ltr'>neque</span> <span class='ocrx_word' id='word_1_97' title='bbox 1027 2236 1080 2291; x_wconf 89' lang='lat' dir='ltr'>se</span> <span class='ocrx_word' id='word_1_98' title='bbox 1096 2237 1244 2290; x_wconf 88' lang='lat' dir='ltr'>aliter</span> <span class='ocrx_word' id='word_1_99' title='bbox 1269 2249 1447 2290; x_wconf 90' lang='lat' dir='ltr'>tutum</span> <span class='ocrx_word' id='word_1_100' title='bbox 1472 2249 1639 2310; x_wconf 94' lang='lat' dir='ltr'>putet,</span> <span class='ocrx_word' id='word_1_101' title='bbox 1653 2256 1823 2310; x_wconf 80' lang='lat' dir='ltr'>-quam</span> <span class='ocrx_word' id='word_1_102' title='bbox 1842 2238 1878 2290; x_wconf 91' lang='lat' dir='ltr'>fi</span> <span class='ocrx_word' id='word_1_103' title='bbox 1893 2237 2039 2310; x_wconf 88' lang='lat' dir='ltr'>pejor</span> <span class='ocrx_word' id='word_1_104' title='bbox 2058 2250 2215 2310; x_wconf 90' lang='lat' dir='ltr'>atque</span> <span class='ocrx_word' id='word_1_105' title='bbox 2235 2239 2440 2292; x_wconf 90' lang='lat' dir='ltr'>intesta·</span> 
     </span>
     <span class='ocr_line' id='line_1_14' title="bbox 312 2327 2438 2402; baseline -0.002 -14"><span class='ocrx_word' id='word_1_106' title='bbox 312 2335 469 2388; x_wconf 89' lang='lat' dir='ltr'>bilior</span> <span class='ocrx_word' id='word_1_107' title='bbox 484 2345 631 2386; x_wconf 92' lang='lat' dir='ltr'>metu</span> <span class='ocrx_word' id='word_1_108' title='bbox 650 2331 822 2384; x_wconf 87' lang='lat' dir='ltr'>vostro</span> <span class='ocrx_word' id='word_1_109' title='bbox 836 2329 1011 2392; x_wconf 91' lang='lat' dir='ltr'>fuerit,</span> <span class='ocrx_word' id='word_1_110' title='bbox 1028 2347 1136 2402; x_wconf 94' lang='lat' dir='ltr'>quo</span> <span class='ocrx_word' id='word_1_111' title='bbox 1151 2329 1362 2402; x_wconf 89' lang='lat' dir='ltr'>captivis</span> <span class='ocrx_word' id='word_1_112' title='bbox 1382 2328 1630 2382; x_wconf 90' lang='lat' dir='ltr'>libertatis</span> <span class='ocrx_word' id='word_1_113' title='bbox 1649 2348 1832 2382; x_wconf 91' lang='lat' dir='ltr'>curam</span> <span class='ocrx_word' id='word_1_114' title='bbox 1849 2327 2054 2382; x_wconf 86' lang='lat' dir='ltr'>miseria</span> <span class='ocrx_word' id='word_1_115' title='bbox 2074 2330 2302 2383; x_wconf 84' lang='lat' dir='ltr'>eximat:</span> <span class='ocrx_word' id='word_1_116' title='bbox 2333 2343 2438 2394; x_wconf 91' lang='lat' dir='ltr'>aut,</span> 
     </span>
     <span class='ocr_line' id='line_1_15' title="bbox 315 2419 2434 2499; baseline -0.002 -20"><span class='ocrx_word' id='word_1_117' title='bbox 315 2426 353 2480; x_wconf 89' lang='lat' dir='ltr'>fi</span> <span class='ocrx_word' id='word_1_118' title='bbox 383 2423 723 2499; x_wconf 75' lang='lat' dir='ltr'>provideritis»,</span> <span class='ocrx_word' id='word_1_119' title='bbox 750 2423 807 2474; x_wconf 91' lang='lat' dir='ltr'>in</span> <span class='ocrx_word' id='word_1_120' title='bbox 833 2421 1060 2474; x_wconf 86' lang='lat' dir='ltr'>tutandis</span> <span class='ocrx_word' id='word_1_121' title='bbox 1093 2420 1336 2493; x_wconf 91' lang='lat' dir='ltr'>periculis</span> <span class='ocrx_word' id='word_1_122' title='bbox 1367 2421 1548 2494; x_wconf 90' lang='lat' dir='ltr'>magis,</span> <span class='ocrx_word' id='word_1_123' title='bbox 1584 2440 1747 2493; x_wconf 89' lang='lat' dir='ltr'>quam</span> <span class='ocrx_word' id='word_1_124' title='bbox 1779 2419 2093 2485; x_wconf 92' lang='lat' dir='ltr'>ulciscend0,</span> <span class='ocrx_word' id='word_1_125' title='bbox 2134 2423 2434 2475; x_wconf 88' lang='lat' dir='ltr'>teneamini.</span> 
     </span>
     <span class='ocr_line' id='line_1_16' title="bbox 315 2511 2440 2587; baseline -0.002 -16"><span class='ocrx_word' id='word_1_126' title='bbox 315 2517 566 2571; x_wconf 91' lang='lat' dir='ltr'>Satellites</span> <span class='ocrx_word' id='word_1_127' title='bbox 581 2514 798 2587; x_wconf 92' lang='lat' dir='ltr'>quidem</span> <span class='ocrx_word' id='word_1_128' title='bbox 816 2513 859 2585; x_wconf 91' lang='lat' dir='ltr'>ej</span> <span class='ocrx_word' id='word_1_129' title='bbox 867 2531 942 2576; x_wconf 92' lang='lat' dir='ltr'>us,</span> <span class='ocrx_word' id='word_1_130' title='bbox 963 2511 1203 2566; x_wconf 89' lang='lat' dir='ltr'>homines</span> <span class='ocrx_word' id='word_1_131' title='bbox 1220 2513 1461 2565; x_wconf 87' lang='lat' dir='ltr'>maxumi</span> <span class='ocrx_word' id='word_1_132' title='bbox 1477 2513 1722 2576; x_wconf 80' lang='lat' dir='ltr'>nominiS,</span> <span class='ocrx_word' id='word_1_133' title='bbox 1739 2513 1967 2586; x_wconf 92' lang='lat' dir='ltr'>optumis</span> <span class='ocrx_word' id='word_1_134' title='bbox 1984 2513 2248 2584; x_wconf 91' lang='lat' dir='ltr'>majorum</span> <span class='ocrx_word' id='word_1_135' title='bbox 2263 2532 2440 2566; x_wconf 89' lang='lat' dir='ltr'>exem·</span> 
     </span>
     <span class='ocr_line' id='line_1_17' title="bbox 312 2601 2439 2683; baseline -0.002 -21"><span class='ocrx_word' id='word_1_136' title='bbox 312 2607 650 2683; x_wconf 53' lang='lat' dir='ltr'>plisssnequeo</span> <span class='ocrx_word' id='word_1_137' title='bbox 665 2603 781 2659; x_wconf 89' lang='lat' dir='ltr'>satis</span> <span class='ocrx_word' id='word_1_138' title='bbox 797 2604 992 2667; x_wconf 86' lang='lat' dir='ltr'>mirari,</span> <span class='ocrx_word' id='word_1_139' title='bbox 1010 2604 1104 2676; x_wconf 93' lang='lat' dir='ltr'>qui</span> <span class='ocrx_word' id='word_1_140' title='bbox 1120 2603 1489 2657; x_wconf 89' lang='lat' dir='ltr'>dominationis</span> <span class='ocrx_word' id='word_1_141' title='bbox 1505 2605 1561 2657; x_wconf 93' lang='lat' dir='ltr'>in</span> <span class='ocrx_word' id='word_1_142' title='bbox 1576 2622 1666 2657; x_wconf 88' lang='lat' dir='ltr'>vos</span> <span class='ocrx_word' id='word_1_143' title='bbox 1683 2602 1953 2657; x_wconf 90' lang='lat' dir='ltr'>servitium</span> <span class='ocrx_word' id='word_1_144' title='bbox 1969 2601 2125 2656; x_wconf 91' lang='lat' dir='ltr'>suum</span> <span class='ocrx_word' id='word_1_145' title='bbox 2142 2605 2439 2658; x_wconf 89' lang='lat' dir='ltr'>mercedem</span> 
     </span>
     <span class='ocr_line' id='line_1_18' title="bbox 314 2695 2435 2769; baseline -0.002 -15"><span class='ocrx_word' id='word_1_146' title='bbox 314 2701 457 2763; x_wconf 86' lang='lat' dir='ltr'>dant,</span> <span class='ocrx_word' id='word_1_147' title='bbox 484 2711 536 2752; x_wconf 92' lang='lat' dir='ltr'>et</span> <span class='ocrx_word' id='word_1_148' title='bbox 561 2710 849 2769; x_wconf 87' lang='lat' dir='ltr'>utrumque</span> <span class='ocrx_word' id='word_1_149' title='bbox 867 2713 960 2768; x_wconf 86' lang='lat' dir='ltr'>per</span> <span class='ocrx_word' id='word_1_150' title='bbox 984 2695 1232 2767; x_wconf 90' lang='lat' dir='ltr'>injuriam</span> <span class='ocrx_word' id='word_1_151' title='bbox 1259 2695 1481 2759; x_wconf 89' lang='lat' dir='ltr'>malunt,</span> <span class='ocrx_word' id='word_1_152' title='bbox 1509 2715 1672 2768; x_wconf 88' lang='lat' dir='ltr'>quam</span> <span class='ocrx_word' id='word_1_153' title='bbox 1698 2709 1920 2769; x_wconf 91' lang='lat' dir='ltr'>optumo</span> <span class='ocrx_word' id='word_1_154' title='bbox 1937 2695 2059 2767; x_wconf 92' lang='lat' dir='ltr'>jure</span> <span class='ocrx_word' id='word_1_155' title='bbox 2072 2695 2229 2754; x_wconf 59' lang='lat' dir='ltr'>,liberi</span> <span class='ocrx_word' id='word_1_156' title='bbox 2249 2715 2400 2769; x_wconf 88' lang='lat' dir='ltr'>agere</span> <span class='ocrx_word' id='word_1_157' title='bbox 2423 2719 2435 2749; x_wconf 75' lang='grc' dir='ltr'>ε</span> 
     </span>
     <span class='ocr_line' id='line_1_19' title="bbox 313 2786 2439 2866; baseline -0.003 -21"><span class='ocrx_word' id='word_1_158' title='bbox 313 2792 554 2866; x_wconf 86' lang='lat' dir='ltr'>praeclara</span> <span class='ocrx_word' id='word_1_159' title='bbox 592 2791 880 2844; x_wconf 88' lang='lat' dir='ltr'>Brutorum</span> <span class='ocrx_word' id='word_1_160' title='bbox 918 2798 1075 2859; x_wconf 87' lang='lat' dir='ltr'>atque</span> <span class='ocrx_word' id='word_1_161' title='bbox 1105 2787 1447 2839; x_wconf 90' lang='lat' dir='ltr'>AEmiliorum</span> <span class='ocrx_word' id='word_1_162' title='bbox 1486 2799 1538 2840; x_wconf 94' lang='lat' dir='ltr'>et</span> <span class='ocrx_word' id='word_1_163' title='bbox 1577 2787 1913 2840; x_wconf 90' lang='lat' dir='ltr'>Lutatiorum</span> <span class='ocrx_word' id='word_1_164' title='bbox 1947 2786 2130 2858; x_wconf 86' lang='lat' dir='ltr'>proles,</span> <span class='ocrx_word' id='word_1_165' title='bbox 2170 2787 2336 2859; x_wconf 89' lang='lat' dir='ltr'>geniti</span> <span class='ocrx_word' id='word_1_166' title='bbox 2375 2787 2439 2839; x_wconf 91' lang='lat' dir='ltr'>ad</span> 
     </span>
     <span class='ocr_line' id='line_1_20' title="bbox 314 2876 2438 2955; baseline -0.003 -18"><span class='ocrx_word' id='word_1_167' title='bbox 314 2903 391 2947; x_wconf 88' lang='lat' dir='ltr'>ea,</span> <span class='ocrx_word' id='word_1_168' title='bbox 423 2901 538 2955; x_wconf 84' lang='lat' dir='ltr'>quae</span> <span class='ocrx_word' id='word_1_169' title='bbox 574 2881 793 2952; x_wconf 88' lang='lat' dir='ltr'>majores</span> <span class='ocrx_word' id='word_1_170' title='bbox 833 2879 1026 2931; x_wconf 90' lang='lat' dir='ltr'>virtute</span> <span class='ocrx_word' id='word_1_171' title='bbox 1058 2896 1318 2951; x_wconf 87' lang='lat' dir='ltr'>peperere,</span> <span class='ocrx_word' id='word_1_172' title='bbox 1359 2876 1726 2931; x_wconf 88' lang='lat' dir='ltr'>subvertunda.</span> <span class='ocrx_word' id='word_1_173' title='bbox 1806 2878 1954 2930; x_wconf 94' lang='lat' dir='ltr'>Nam</span> <span class='ocrx_word' id='word_1_174' title='bbox 1989 2877 2118 2949; x_wconf 94' lang='lat' dir='ltr'>quid</span> <span class='ocrx_word' id='word_1_175' title='bbox 2152 2896 2181 2929; x_wconf 88' lang='lat' dir='ltr'>a</span> <span class='ocrx_word' id='word_1_176' title='bbox 2217 2878 2438 2949; x_wconf 83' lang='lat' dir='ltr'>Pyrrhe,</span> 
     </span>
     <span class='ocr_line' id='line_1_21' title="bbox 315 2967 2440 3044; baseline -0.002 -16"><span class='ocrx_word' id='word_1_177' title='bbox 315 2973 618 3029; x_wconf 88' lang='lat' dir='ltr'>Hannibale</span> <span class='ocrx_word' id='word_1_178' title='bbox 661 2971 1012 3044; x_wconf 90' lang='lat' dir='ltr'>Philippoque</span> <span class='ocrx_word' id='word_1_179' title='bbox 1046 2982 1098 3023; x_wconf 91' lang='lat' dir='ltr'>et</span> <span class='ocrx_word' id='word_1_180' title='bbox 1132 2968 1401 3023; x_wconf 89' lang='lat' dir='ltr'>Antiocho</span> <span class='ocrx_word' id='word_1_181' title='bbox 1436 2967 1710 3022; x_wconf 90' lang='lat' dir='ltr'>defensum</span> <span class='ocrx_word' id='word_1_182' title='bbox 1741 2967 1814 3020; x_wconf 92' lang='lat' dir='ltr'>est</span> <span class='ocrx_word' id='word_1_183' title='bbox 1849 2967 2006 3029; x_wconf 87' lang='lat' dir='ltr'>aliud,</span> <span class='ocrx_word' id='word_1_184' title='bbox 2043 2986 2205 3039; x_wconf 89' lang='lat' dir='ltr'>quam</span> <span class='ocrx_word' id='word_1_185' title='bbox 2236 2968 2440 3023; x_wconf 90' lang='lat' dir='ltr'>libertas</span> 
     </span>
     <span class='ocr_line' id='line_1_22' title="bbox 314 3057 2440 3136; baseline -0.002 -17"><span class='ocrx_word' id='word_1_186' title='bbox 314 3078 368 3119; x_wconf 91' lang='lat' dir='ltr'>et</span> <span class='ocrx_word' id='word_1_187' title='bbox 392 3064 494 3119; x_wconf 88' lang='lat' dir='ltr'>suae</span> <span class='ocrx_word' id='word_1_188' title='bbox 519 3065 711 3136; x_wconf 91' lang='lat' dir='ltr'>cuique</span> <span class='ocrx_word' id='word_1_189' title='bbox 736 3060 908 3125; x_wconf 91' lang='lat' dir='ltr'>sedes;</span> <span class='ocrx_word' id='word_1_190' title='bbox 945 3079 1049 3114; x_wconf 92' lang='lat' dir='ltr'>neu</span> <span class='ocrx_word' id='word_1_191' title='bbox 1074 3061 1179 3124; x_wconf 93' lang='lat' dir='ltr'>cui,</span> <span class='ocrx_word' id='word_1_192' title='bbox 1207 3061 1302 3114; x_wconf 92' lang='lat' dir='ltr'>nifi</span> <span class='ocrx_word' id='word_1_193' title='bbox 1327 3061 1546 3134; x_wconf 90' lang='lat' dir='ltr'>legibus,</span> <span class='ocrx_word' id='word_1_194' title='bbox 1572 3059 1907 3133; x_wconf 89' lang='lat' dir='ltr'>pareremus?</span> <span class='ocrx_word' id='word_1_195' title='bbox 1932 3077 2047 3130; x_wconf 90' lang='lat' dir='ltr'>quae</span> <span class='ocrx_word' id='word_1_196' title='bbox 2072 3061 2260 3111; x_wconf 71' lang='lat' dir='ltr'>cuneta</span> <span class='ocrx_word' id='word_1_197' title='bbox 2284 3057 2440 3114; x_wconf 89' lang='lat' dir='ltr'>saevus</span> 
     </span>
     <span class='ocr_line' id='line_1_23' title="bbox 314 3136 2438 3225; baseline -0.002 -16"><span class='ocrx_word' id='word_1_198' title='bbox 314 3156 407 3209; x_wconf 90' lang='lat' dir='ltr'>iste</span> <span class='ocrx_word' id='word_1_199' title='bbox 434 3154 713 3216; x_wconf 92' lang='lat' dir='ltr'>Romulus,</span> <span class='ocrx_word' id='word_1_200' title='bbox 740 3152 883 3225; x_wconf 90' lang='lat' dir='ltr'>quafi</span> <span class='ocrx_word' id='word_1_201' title='bbox 910 3152 974 3204; x_wconf 94' lang='lat' dir='ltr'>ab</span> <span class='ocrx_word' id='word_1_202' title='bbox 1001 3152 1226 3205; x_wconf 86' lang='lat' dir='ltr'>externis</span> <span class='ocrx_word' id='word_1_203' title='bbox 1259 3163 1419 3224; x_wconf 91' lang='lat' dir='ltr'>rapta,</span> <span class='ocrx_word' id='word_1_204' title='bbox 1450 3163 1625 3215; x_wconf 89' lang='lat' dir='ltr'>tenet;</span> <span class='ocrx_word' id='word_1_205' title='bbox 1666 3169 1774 3203; x_wconf 94' lang='lat' dir='ltr'>non</span> <span class='ocrx_word' id='word_1_206' title='bbox 1805 3162 1884 3203; x_wconf 92' lang='lat' dir='ltr'>tot</span> <span class='ocrx_word' id='word_1_207' title='bbox 1918 3136 2247 3202; x_wconf 85' lang='lat' dir='ltr'>exercituum</span> <span class='ocrx_word' id='word_1_208' title='bbox 2277 3151 2438 3216; x_wconf 89' lang='lat' dir='ltr'>clade,</span> 
     </span>
     <span class='ocr_line' id='line_1_24' title="bbox 314 3239 2438 3320; baseline -0.002 -20"><span class='ocrx_word' id='word_1_209' title='bbox 314 3266 486 3320; x_wconf 93' lang='lat' dir='ltr'>neque</span> <span class='ocrx_word' id='word_1_210' title='bbox 512 3244 791 3299; x_wconf 93' lang='lat' dir='ltr'>consulum</span> <span class='ocrx_word' id='word_1_211' title='bbox 817 3255 869 3297; x_wconf 91' lang='lat' dir='ltr'>et</span> <span class='ocrx_word' id='word_1_212' title='bbox 895 3243 1120 3296; x_wconf 90' lang='lat' dir='ltr'>aliorum</span> <span class='ocrx_word' id='word_1_213' title='bbox 1144 3242 1463 3315; x_wconf 90' lang='lat' dir='ltr'>principum,</span> <span class='ocrx_word' id='word_1_214' title='bbox 1491 3260 1621 3314; x_wconf 92' lang='lat' dir='ltr'>quos</span> <span class='ocrx_word' id='word_1_215' title='bbox 1647 3241 1858 3295; x_wconf 91' lang='lat' dir='ltr'>fortuna</span> <span class='ocrx_word' id='word_1_216' title='bbox 1884 3241 2008 3293; x_wconf 88' lang='lat' dir='ltr'>belli</span> <span class='ocrx_word' id='word_1_217' title='bbox 2034 3239 2438 3314; x_wconf 88' lang='lat' dir='ltr'>consumpserat,</span> 
     </span>
     <span class='ocr_line' id='line_1_25' title="bbox 313 3331 2438 3406; baseline -0.003 -14"><span class='ocrx_word' id='word_1_218' title='bbox 313 3337 553 3402; x_wconf 87' lang='lat' dir='ltr'>satiatus;</span> <span class='ocrx_word' id='word_1_219' title='bbox 593 3336 681 3391; x_wconf 90' lang='lat' dir='ltr'>sed</span> <span class='ocrx_word' id='word_1_220' title='bbox 695 3350 813 3389; x_wconf 90' lang='lat' dir='ltr'>tum</span> <span class='ocrx_word' id='word_1_221' title='bbox 833 3335 1110 3399; x_wconf 88' lang='lat' dir='ltr'>crudelior,</span> <span class='ocrx_word' id='word_1_222' title='bbox 1131 3352 1301 3406; x_wconf 93' lang='lat' dir='ltr'>quum</span> <span class='ocrx_word' id='word_1_223' title='bbox 1326 3332 1599 3406; x_wconf 91' lang='lat' dir='ltr'>plerosque</span> <span class='ocrx_word' id='word_1_224' title='bbox 1615 3332 1849 3387; x_wconf 88' lang='lat' dir='ltr'>secundae</span> <span class='ocrx_word' id='word_1_225' title='bbox 1871 3351 1948 3386; x_wconf 91' lang='lat' dir='ltr'>res</span> <span class='ocrx_word' id='word_1_226' title='bbox 1973 3333 2029 3385; x_wconf 93' lang='lat' dir='ltr'>in</span> <span class='ocrx_word' id='word_1_227' title='bbox 2050 3331 2438 3386; x_wconf 91' lang='lat' dir='ltr'>miserationem</span> 
     </span>
     <span class='ocr_line' id='line_1_26' title="bbox 314 3423 2438 3498; baseline -0.003 -14"><span class='ocrx_word' id='word_1_228' title='bbox 314 3449 381 3484; x_wconf 87' lang='lat' dir='ltr'>ex</span> <span class='ocrx_word' id='word_1_229' title='bbox 412 3432 487 3483; x_wconf 93' lang='lat' dir='ltr'>ira</span> <span class='ocrx_word' id='word_1_230' title='bbox 516 3441 743 3482; x_wconf 90' lang='lat' dir='ltr'>vertunt.</span> <span class='ocrx_word' id='word_1_231' title='bbox 828 3428 981 3493; x_wconf 93' lang='lat' dir='ltr'>Quin</span> <span class='ocrx_word' id='word_1_232' title='bbox 1006 3425 1142 3480; x_wconf 88' lang='lat' dir='ltr'>solus</span> <span class='ocrx_word' id='word_1_233' title='bbox 1177 3427 1440 3488; x_wconf 91' lang='lat' dir='ltr'>omnium,</span> <span class='ocrx_word' id='word_1_234' title='bbox 1477 3425 1591 3498; x_wconf 92' lang='lat' dir='ltr'>post</span> <span class='ocrx_word' id='word_1_235' title='bbox 1625 3425 1939 3477; x_wconf 90' lang='lat' dir='ltr'>memoriam</span> <span class='ocrx_word' id='word_1_236' title='bbox 1975 3423 2278 3488; x_wconf 92' lang='lat' dir='ltr'>hominum,</span> <span class='ocrx_word' id='word_1_237' title='bbox 2321 3423 2438 3497; x_wconf 89' lang='lat' dir='ltr'>sup·</span> 
     </span>
     <span class='ocr_line' id='line_1_27' title="bbox 313 3516 2440 3595; baseline -0.002 -21"><span class='ocrx_word' id='word_1_238' title='bbox 313 3522 470 3595; x_wconf 90' lang='lat' dir='ltr'>plicia</span> <span class='ocrx_word' id='word_1_239' title='bbox 508 3522 564 3573; x_wconf 90' lang='lat' dir='ltr'>in</span> <span class='ocrx_word' id='word_1_240' title='bbox 604 3521 718 3594; x_wconf 91' lang='lat' dir='ltr'>post</span> <span class='ocrx_word' id='word_1_241' title='bbox 751 3519 954 3573; x_wconf 91' lang='lat' dir='ltr'>futuros</span> <span class='ocrx_word' id='word_1_242' title='bbox 992 3516 1318 3590; x_wconf 90' lang='lat' dir='ltr'>composuit;</span> <span class='ocrx_word' id='word_1_243' title='bbox 1358 3517 1474 3589; x_wconf 75' lang='lat' dir='ltr'>quis</span> <span class='ocrx_word' id='word_1_244' title='bbox 1513 3517 1655 3590; x_wconf 89' lang='lat' dir='ltr'>prius</span> <span class='ocrx_word' id='word_1_245' title='bbox 1689 3516 1895 3588; x_wconf 85' lang='lat' dir='ltr'>injuria,</span> <span class='ocrx_word' id='word_1_246' title='bbox 1937 3534 2099 3588; x_wconf 89' lang='lat' dir='ltr'>quam</span> <span class='ocrx_word' id='word_1_247' title='bbox 2139 3517 2261 3579; x_wconf 89' lang='lat' dir='ltr'>vita,</span> <span class='ocrx_word' id='word_1_248' title='bbox 2301 3528 2440 3569; x_wconf 88' lang='lat' dir='ltr'>certa</span> 
     </span>
     <span class='ocr_line' id='line_1_28' title="bbox 313 3606 2437 3686; baseline -0.003 -20"><span class='ocrx_word' id='word_1_249' title='bbox 313 3613 464 3666; x_wconf 87' lang='lat' dir='ltr'>effet:</span> <span class='ocrx_word' id='word_1_250' title='bbox 491 3612 907 3686; x_wconf 86' lang='lat' dir='ltr'>praviffumeque</span> <span class='ocrx_word' id='word_1_251' title='bbox 932 3629 1023 3684; x_wconf 92' lang='lat' dir='ltr'>per</span> <span class='ocrx_word' id='word_1_252' title='bbox 1049 3607 1249 3663; x_wconf 88' lang='lat' dir='ltr'>sceleris</span> <span class='ocrx_word' id='word_1_253' title='bbox 1275 3609 1661 3662; x_wconf 89' lang='lat' dir='ltr'>immanitatem</span> <span class='ocrx_word' id='word_1_254' title='bbox 1689 3608 1859 3661; x_wconf 90' lang='lat' dir='ltr'>adhuc</span> <span class='ocrx_word' id='word_1_255' title='bbox 1879 3619 2022 3660; x_wconf 93' lang='lat' dir='ltr'>tutus</span> <span class='ocrx_word' id='word_1_256' title='bbox 2041 3606 2158 3670; x_wconf 92' lang='lat' dir='ltr'>fuit,</span> <span class='ocrx_word' id='word_1_257' title='bbox 2181 3607 2310 3661; x_wconf 93' lang='lat' dir='ltr'>dum</span> <span class='ocrx_word' id='word_1_258' title='bbox 2332 3625 2437 3670; x_wconf 78' lang='lat' dir='ltr'>VOS,</span> 
     </span>
    </p>
   </div>
   <div class='ocr_carea' id='block_1_7' title="bbox 312 1763 775 2214">
    <p class='ocr_par' dir='ltr' id='par_1_9' title="bbox 312 1763 775 2214">
     <span class='ocr_line' id='line_1_29' title="bbox 312 1763 775 2214; baseline 0 0"><span class='ocrx_word' id='word_1_259' title='bbox 312 1763 775 2214; x_wconf 95' lang='lat' dir='ltr'>  </span> 
     </span>
    </p>
   </div>
  </div>
 </body>
</html>
