2722 4146
422 291 548 335 102
975 270 1052 331 C.
1122 268 1446 331 CRISPI
1514 268 2023 332 SALLUSTII

416 444 713 535 pactionis
737 440 1027 532 perpulit,
1051 444 1166 521 uti,
1190 439 1402 505 relicto
1427 439 1709 521 Suthule,
1735 443 1802 506 in
1827 442 2061 507 abditas
2089 443 2368 531 regiones
2398 439 2540 521 sese,

416 569 610 636 veluti
659 568 1013 647 cedentem,
1065 565 1525 654 insequeretur3
1593 568 1678 631 ita
1727 567 1950 633 delicta
1997 568 2339 634 occultiora
2387 567 2539 634 fore.

418 700 661 760 Interea
685 718 796 783 per
819 692 1103 758 homines
1125 690 1380 757 callidos
1406 692 1506 756 die
1531 697 1844 781 noctuque
1864 697 2204 759 exercitum
2227 694 2541 761 tentabat:

419 823 810 887 centuriones
862 819 1171 908 ducesque
1222 835 1589 900 turmarum,
1641 822 1888 909 partim,
1929 823 2023 885 uti
2073 819 2544 908 transfugerent,

421 974 858 1039 corrumpere3
926 948 1030 1014 alii
1079 946 1255 1037 figno
1305 946 1452 1011 dato
1501 944 1715 1011 locum
1770 948 1863 1011 uti
1913 945 2275 1012 desererent.
2392 951 2546 1037 Qae

419 1075 748 1165 postquam
778 1099 856 1140 ex
888 1074 1186 1140 sententia
1215 1071 1476 1152 instruit,
1501 1071 1867 1162 intempesta
1896 1078 2076 1138 noete
2109 1073 2187 1138 de
2219 1071 2547 1163 improviso

419 1202 821 1268 multitudine
874 1200 1301 1266 Numidarum
1348 1199 1503 1265 Auli
1550 1198 1741 1265 castra
1787 1201 2213 1265 circumvenit.
2317 1196 2550 1264 Milites

422 1332 718 1410 Romani,
749 1326 1012 1419 perculsi
1053 1326 1330 1392 tumultu
1371 1325 1639 1407 insolit0,
1671 1350 1841 1392 arma
1872 1350 2090 1416 capere
2133 1324 2258 1406 alii,
2290 1323 2395 1390 alii
2431 1323 2550 1390 sese

422 1456 689 1535 abdere3
747 1479 883 1544 pars
932 1455 1168 1518 territos
1212 1449 1622 1532 confirmare3
1679 1452 1982 1542 trepidare
2026 1451 2314 1516 omnibus
2356 1450 2548 1517 locis:

421 1584 507 1647 vis
537 1605 764 1669 magna
795 1578 1087 1659 hostium,
1119 1578 1350 1644 coelum
1383 1585 1562 1644 nocte
1595 1594 1782 1668 atque
1814 1578 2081 1644 nubibus
2113 1578 2547 1659 obscuratum3

423 1708 774 1798 periculum
805 1730 1030 1796 anceps
1062 1734 1078 1771 ε
1129 1704 1460 1795 postremO,
1493 1702 1706 1792 fugere
1737 1728 1818 1769 an
1848 1728 2102 1769 manere
2134 1707 2323 1770 tutius
2367 1703 2549 1786 foret,

422 1836 488 1898 in
527 1837 767 1899 incerto
799 1848 946 1897 erat.
1045 1831 1165 1897 Sed
1210 1855 1287 1896 ex
1334 1856 1411 1896 eo
1454 1855 1740 1910 numer0,
1781 1854 1936 1919 quos
1979 1829 2193 1920 paullo
2231 1846 2374 1896 ante
2418 1855 2553 1897 cor-

421 1978 636 2050 ruptos
683 1961 973 2040 diximus,
1021 1958 1244 2024 cohors
1300 1983 1428 2022 una
1482 1960 1786 2046 Ligurum
1840 1982 1988 2023 curn
2042 1957 2281 2023 duabus
2335 1959 2551 2022 turmis

423 2087 747 2154 Thracum
778 2103 842 2151 et
872 2087 1084 2176 paucis
1117 2087 1406 2173 gregariis
1437 2083 1734 2149 militibus
1764 2082 2049 2150 tranfiere
2081 2084 2159 2149 ad
2191 2108 2441 2172 regem:
2491 2100 2555 2149 et

424 2216 705 2280 centurio
737 2211 1033 2303 primipili
1067 2214 1255 2277 tertiae
1286 2211 1547 2300 legionis
1588 2235 1700 2300 per
1742 2213 2181 2292 munitionem,
2212 2235 2425 2300 quam,
2462 2213 2556 2276 uti

424 2338 807 2420 defenderet,
833 2356 1173 2429 acceperat,
1194 2338 1409 2404 locum
1432 2337 1705 2404 hostibus
1730 2338 2087 2403 introeundi
2107 2338 2279 2404 dedit
2296 2366 2314 2403 ε
2358 2350 2559 2428 eaque‘

428 2471 495 2532 N
499 2467 722 2532 umidae
757 2469 963 2532 cuncti
993 2469 1285 2557 irrupere.
1362 2465 1576 2531 Nostri
1607 2464 1774 2531 foeda
1797 2463 1968 2554 fuga,
2002 2464 2280 2556 plerique
2311 2465 2556 2556 abjectis

427 2597 631 2674 armiS,
683 2619 1063 2683 proxumum
1127 2592 1356 2659 collem
1419 2617 1840 2682 occupavere:
1913 2617 2043 2658 nox
2104 2609 2293 2683 atque
2355 2593 2558 2683 praeda

430 2720 764 2787 castrorum
797 2720 1005 2801 hostis,
1031 2746 1159 2810 quo
1185 2723 1389 2785 minus
1413 2721 1665 2785 victoria
1695 2735 2036 2799 uterentur,
2060 2736 2364 2785 remorata
2394 2719 2554 2786 sunt.

431 2848 679 2913 Deinde
717 2846 1031 2940 Jugurtha
1077 2845 1321 2936 postero
1353 2846 1454 2911 die
1502 2870 1652 2911 cum
1691 2844 1862 2910 Aulo
1911 2847 1977 2910 in
2025 2844 2344 2935 colloquio
2377 2845 2559 2911 verba

432 2971 617 3038 facit:
685 2971 926 3038 tametsi
967 2972 1168 3063 ipsum
1212 2997 1358 3038 cum
1408 2973 1683 3038 exercitu
1734 2969 1898 3036 fame
1947 2969 2237 3060 ferroque
2283 2970 2559 3037 clausum

431 3114 624 3178 tenet,
652 3116 862 3163 tamen
886 3098 967 3178 se,
993 3098 1410 3164 humanarum
1432 3123 1641 3163 rerum
1665 3121 2031 3177 memorem,
2054 3095 2103 3161 fi
2127 3096 2335 3162 secum
2359 3096 2558 3163 foedus

434 3222 685 3303 faceret,
716 3223 1061 3289 incolumes
1094 3227 1295 3289 omnis
1328 3224 1437 3290 sub
1457 3224 1690 3313 jugum
1722 3223 2042 3289 missurum
2065 3250 2083 3287 τ
2131 3239 2442 3312 praeterea,
2465 3224 2559 3288 uti

434 3350 649 3415 diebus
681 3351 900 3416 decem
945 3351 1253 3417 Numidia
1284 3352 1631 3418 decederet.
1730 3354 1885 3444 Qae
1929 3373 2313 3438 quamquam
2355 3351 2561 3438 gravia

435 3494 499 3541 et
538 3474 757 3564 flagitii
799 3476 984 3566 plena
1030 3495 1226 3558 erant,
1269 3494 1504 3559 tamen,
1548 3480 1697 3568 quia
1739 3477 1952 3543 mortis
1995 3493 2169 3541 metu
2211 3476 2557 3556 mutabant,

435 3601 613 3668 ficuti
642 3605 772 3691 regi
802 3603 1107 3685 lubuerat,
1140 3629 1262 3695 pax
1294 3607 1603 3672 convenit.
