2722 4146
312 240 439 303 172
869 219 944 280 C.
1016 217 1341 279 CRISPI
1410 217 1920 280 SALLUSTII

308 393 482 459 tham
537 393 706 458 haud
762 391 982 482 procul
1045 390 1284 456 abeffe:
1351 388 1554 471 simul,
1609 394 1702 456 uti
1760 398 1947 458 noc‘tu
2005 394 2168 462 clam
2224 397 2432 467 secum

310 519 691 611 profugeret,
723 537 902 608 rogat
934 535 1122 608 atque
1155 517 1453 583 hortatur.
1554 516 1667 583 Ille
1700 521 1912 584 animo
1938 518 2128 587 feroci
2159 544 2344 614 negat
2375 527 2434 592 se

313 650 536 712 totiens
586 645 788 711 fusum
837 646 1187 711 Numidam
1230 645 1701 735 pertimescere:
1751 649 1962 713 virtuti
2004 648 2255 717 suorum
2298 653 2434 720 satis

312 773 601 838 credere:
667 775 857 838 etiam
911 771 957 837 fi
1012 789 1180 838 certa
1240 770 1421 862 pestis
1477 771 1726 852 adeffet,
1784 774 2143 842 mansurum
2206 782 2433 867 potiuS,

312 925 503 989 quam
536 901 814 990 proditiS,
860 925 1015 989 quos
1055 900 1347 980 ducebat,
1388 902 1553 989 turpi
1592 897 1741 988 fuga
1782 902 2026 967 incertae
2067 929 2139 968 ac
2184 903 2437 973 forfitan

313 1027 450 1118 post
498 1026 710 1117 paullo
760 1027 980 1092 morbo
1035 1029 1366 1093 interiturae
1411 1028 1544 1091 vitae
1600 1046 1895 1117 parceret.
2013 1034 2313 1098 Ceterum
2360 1035 2438 1100 ab

312 1157 540 1222 eodem
569 1158 842 1220 monitus
872 1157 967 1220 uti
999 1160 1188 1219 noctu
1237 1151 1795 1244 proficiscerentur,
1841 1154 2167 1223 confilium
2206 1185 2435 1250 appro-

314 1287 463 1352 bat:
514 1310 587 1350 ac
643 1282 846 1348 statim
895 1281 1119 1346 milites
1163 1298 1426 1346 caenatos
1479 1281 1618 1360 effe,
1667 1285 1731 1347 in
1775 1282 1976 1349 castris
2024 1287 2196 1373 ignes
2246 1311 2439 1376 quam

313 1413 736 1479 creberrumos
771 1407 927 1490 fieri,
962 1409 1188 1474 deinde
1231 1411 1429 1499 prima
1460 1408 1667 1497 vigilia
1710 1407 1951 1475 filentio
1984 1413 2197 1500 egredi
2231 1413 2435 1504 jubet.

315 1546 585 1634 Jamque
624 1544 929 1603 noffi’mrno
965 1539 1182 1602 itinere
1233 1535 1393 1602 feffis
1444 1537 1756 1618 omnibu8,
1805 1538 1973 1604 Sulla
2015 1543 2244 1630 pariter
2291 1567 2439 1609 cum

313 1686 453 1734 ortu
502 1666 637 1731 solis
682 1663 871 1731 castra
919 1663 1287 1744 metabatur,
1335 1688 1536 1753 quum
1579 1667 1815 1754 equites
1862 1669 2068 1732 Mauri
2110 1672 2435 1751 nunciant,

314 1793 693 1887 Jugurtham
725 1794 965 1857 circiter
997 1793 1198 1857 duum
1230 1789 1500 1856 millium
1539 1790 1860 1857 intervallo
1892 1811 2034 1859 ante
2078 1795 2433 1863 consediffe.

318 1924 512 2012 Qod
545 1920 873 2011 postquam
906 1919 1192 1985 auditum
1225 1918 1333 1998 est,
1366 1936 1502 1984 tum
1534 1944 1678 1983 vero
1712 1922 1928 2008 ingens
1973 1939 2174 1987 metus
2205 1922 2440 1990 nostros

317 2051 592 2115 invadit:
648 2047 896 2112 credere
952 2044 1011 2110 se
1068 2045 1343 2135 proditos
1402 2070 1438 2110 a
1483 2044 1725 2111 Voluce
1778 2064 1840 2111 et
1892 2044 2119 2113 infidiis
2168 2051 2438 2116 circum-

317 2195 550 2243 ventOS.
651 2180 749 2239 Ac
784 2171 978 2252 fuere,
1013 2175 1123 2261 qui
1156 2172 1454 2252 dicerent,
1503 2197 1689 2238 manu
1725 2174 2192 2257 vindicandum,
2237 2202 2453 2268 neque-

319 2305 488 2395 apud
521 2302 698 2367 illum
734 2319 978 2366 tantum
1011 2297 1204 2364 scelus
1235 2298 1509 2364 inultum
1542 2298 2044 2390 relinquendum.

1291 2686 1466 2739 CVII.

318 3192 572 3259 strenuis
635 3192 913 3258 adversus
978 3192 1452 3257 multitudinem
1523 3193 1680 3257 bene
1744 3209 2140 3282 pugnatum:
2211 3209 2449 3280 quanto

318 3318 429 3385 fibi
477 3323 540 3385 in
590 3320 798 3410 praelio
847 3322 1052 3385 minus
1098 3320 1526 3409 pepercifl‘ent,
1576 3336 1750 3385 tanto
1800 3321 2055 3383 tutiores
2101 3316 2277 3383 fore:
2332 3342 2449 3383 nec

318 3471 706 3535 quemquam
766 3447 1008 3527 decere,
1071 3472 1266 3536 quem
1339 3471 1561 3513 manus
1631 3447 1979 3525 armaverit,
2051 3445 2130 3510 ab
2199 3447 2449 3510 inermis

318 3573 578 3662 pedibus
641 3572 942 3638 auxilium
1014 3592 1244 3663 petere,
1315 3576 1379 3639 in
1453 3598 1750 3639 maxumo
1826 3589 1997 3637 metu
2075 3572 2320 3637 nudum
2387 3588 2452 3635 et
