2722 4146
679 301 1077 364 BELLUM
1137 299 1913 390 JUGURTHINUM.
2262 318 2348 380 99

1173 598 1399 652 XXXV.

320 729 360 735 ο
402 727 450 734 *⁴
480 729 511 741 0-

280 742 530 861 ΞΜ
551 724 739 787 RAT
763 746 835 787 ea
859 720 1215 812 tempestate
1242 726 1461 787 Romae
1489 721 1773 787 Numida
1797 719 2075 810 quidam,
2098 704 2351 786 nomine

246 863 249 867 ’
337 877 379 909 v
401 876 424 929 ,ν
595 847 874 928 Massiva,
897 848 1164 914 Gulufl‘ae
1197 846 1383 929 filius,
1417 845 1738 913 Mafiniss‘ae
1770 871 2003 936 nepos:
2053 847 2184 935 qui,
2206 849 2354 935 quia

386 951 398 979 Δ
594 976 661 1038 in
715 972 1077 1039 diffenfione
1132 998 1352 1062 regum
1405 972 1728 1066 Jugurthae
1793 972 2071 1039 adversus
2132 971 2351 1053 fuerat,

140 1108 142 1110 ’
230 1098 440 1164 dedita
458 1101 630 1165 Cirta
649 1116 712 1164 et
731 1098 1087 1166 Adherbale
1107 1098 1451 1180 interfec'm,
1468 1099 1765 1189 profugus
1783 1124 1858 1164 ex
1870 1097 2085 1164 Africa
2103 1098 2350 1164 abierat.

233 1227 407 1290 Huic
451 1229 554 1315 Sp.
588 1225 876 1306 Albinus,
915 1229 963 1291 is
1007 1229 1117 1316 qui
1159 1250 1469 1316 proxumo
1512 1250 1677 1291 anno
1723 1224 1860 1315 post
1903 1224 2165 1291 Bestiam
2207 1249 2355 1290 cum

232 1355 322 1439 Q
362 1353 649 1416 Minucio
694 1351 871 1417 Rufo
920 1351 1308 1418 consulatum
1359 1352 1629 1440 gerebat,
1672 1351 2013 1441 persuadet,
2057 1354 2355 1440 quoniam

230 1501 306 1542 ex
338 1475 519 1566 stirpe
550 1475 872 1543 Mafinifl‘ae
916 1476 1012 1559 fit,
1045 1478 1548 1571 Jugurthamque
1580 1477 1661 1542 ob
1692 1476 1915 1544 scelera
1946 1477 2176 1543 invidia
2208 1501 2353 1543 cum

229 1620 403 1669 metu
453 1621 692 1692 urgeat,
740 1628 1006 1693 regnum
1059 1605 1376 1671 Numidiae
1426 1605 1504 1671 ab
1554 1608 1781 1669 Senatu
1834 1619 2021 1693 petat.
2120 1604 2357 1669 Avidus

231 1728 467 1795 Consul
500 1729 644 1795 belli
675 1731 959 1819 gerundi,
986 1733 1243 1813 moveri,
1270 1756 1462 1821 quam
1492 1730 1796 1796 senescere
1822 1731 2034 1794 omnia
2063 1728 2352 1795 malebat.

230 1853 356 1946 Ipfi
386 1858 700 1946 provincia
733 1857 1059 1937 Numidia,
1085 1859 1374 1921 Minucio
1405 1855 1784 1921 Macedonia
1815 1871 2119 1920 evenerat.
2203 1859 2357 1943 Qiae

230 1979 558 2070 postquam
607 1980 866 2047 Maffiva
907 1984 1137 2070 agitare
1183 1984 1393 2071 coepit,
1427 2006 1632 2071 neque
1672 1979 1995 2073 Jugurthae
2040 1983 2106 2046 in
2148 1984 2358 2047 amicis

230 2105 365 2172 satis
407 2106 663 2197 praefidii
695 2107 802 2188 est,
836 2108 1009 2197 quod
1053 2133 1272 2173 eorum
1314 2108 1508 2174 alium
1541 2108 1934 2188 conscientia,
1969 2107 2162 2173 alium
2195 2107 2358 2173 mala

231 2230 396 2297 fama
428 2249 491 2298 et
528 2235 715 2298 timor
752 2234 1168 2324 impediebat:
1239 2232 1590 2315 Bomilcari,
1623 2259 1932 2324 proxumo
1964 2259 2037 2299 ac
2069 2258 2359 2299 maxume

230 2357 363 2425 fido
394 2358 526 2440 fibi,
559 2363 841 2450 imperat,
875 2363 1096 2450 preti0,
1127 2358 1304 2426 sicuti
1337 2359 1535 2426 multa
1575 2358 1950 2440 confecerat,
1983 2358 2358 2426 infidiatores

231 2485 501 2552 Maffivae
533 2503 729 2577 paret,
762 2512 834 2552 ac
866 2512 1158 2552 maxume
1192 2486 1474 2552 occulte:
1533 2484 1624 2551 fin
1666 2487 1731 2551 id
1773 2506 1990 2576 parum
2038 2486 2357 2576 procedat,

230 2614 446 2700 quovis
490 2612 682 2678 modo
725 2614 1076 2678 Numidam
1116 2611 1468 2679 interficiat.
1567 2611 1878 2678 Bomilcar
1919 2629 2158 2677 mature
2202 2615 2358 2701 regis

229 2737 526 2803 mandata
574 2738 945 2828 exsequitur,
997 2756 1061 2805 et
1109 2764 1220 2829 per
1275 2738 1560 2804 homines
1596 2718 1748 2804 'talis
1803 2740 2040 2826 negotii
2095 2736 2357 2804 artifices

228 2865 448 2929 itinera
479 2864 863 2954 egressusque
895 2864 1047 2954 ejm,
1080 2864 1390 2956 postremo
1420 2865 1559 2931 loca
1602 2882 1789 2954 atque
1822 2882 2104 2954 tempora
2135 2870 2358 2931 cuncta

230 2987 544 3079 explorat:
602 2991 850 3071 deinde,
882 2991 991 3055 ubi
1021 3017 1112 3056 res
1155 2991 1522 3082 postulabat,
1554 2990 1797 3057 infidias
1839 2992 2060 3058 tendit.
2159 2993 2358 3080 Igitur

229 3139 390 3181 unus
422 3141 499 3182 ex
537 3141 614 3182 eo
658 3142 943 3198 numer0,
977 3120 1086 3207 qui
1129 3119 1209 3184 ad
1248 3119 1481 3184 caedem
1524 3120 1720 3208 parati
1762 3133 1955 3197 erant,
2001 3114 2215 3206 paullo
2255 3118 2356 3181 in-

231 3241 563 3308 consultius
606 3242 932 3309 Maffivam
978 3245 1370 3332 aggreditur:
1428 3242 1610 3308 illum
1656 3242 2025 3320 obtruncat3
2084 3239 2188 3304 sed
2230 3239 2354 3329 ipse

231 3366 662 3458 deprehensuS,
695 3368 906 3436 multis
949 3368 1337 3435 hortantibus
1369 3386 1432 3435 et
1461 3372 1527 3434 in
1571 3370 1782 3458 primis
1814 3366 2050 3432 Albino
2082 3366 2353 3447 consule,

230 3494 532 3560 indicium
563 3493 910 3584 profitetur.
1004 3498 1104 3561 Fit
1133 3521 1270 3561 reus
1302 3498 1495 3584 magis
1521 3519 1598 3559 ex
1622 3518 1801 3583 aequo
1826 3493 2142 3582 bonoque,
2167 3517 2358 3582 quam

232 3643 309 3685 ex
351 3619 494 3709 jure
549 3625 833 3710 gentium
886 3622 1218 3704 Bomilcar,
1268 3648 1476 3688 comes
1531 3621 1682 3711 eju8,
1733 3623 1844 3710 qui
1900 3625 2174 3687 Romam
2229 3616 2355 3684 fide
