2722 4146
405 277 489 338 86
907 277 983 340 C.
1050 276 1363 339 CRISPI
1431 276 1922 340 SALLUSTII

1374 576 1563 640 XXII„

718 702 999 764 EGATI
1038 702 1102 764 in
1136 699 1418 765 Africam
1460 715 1838 766 maturantes
1883 705 2166 784 veniunt,
2198 727 2274 769 eo
2306 706 2525 793 magis,

397 692 711 1009 Q
765 827 938 915 quod
1003 831 1245 907 Romae,
1303 826 1457 891 dum
1519 823 1829 916 proficisci
1882 845 2122 916 parant,
2181 827 2259 892 de
2314 827 2526 917 praelio

760 952 921 1018 facto
966 970 1030 1019 et
1078 955 1549 1043 oppugnatione
1603 955 1786 1018 Girtae
1845 953 2252 1035 audiebatur3
2324 954 2428 1020 sed
2476 957 2525 1020 is

391 1104 605 1144 rumor
653 1080 926 1146 clemens
983 1098 1131 1146 erat.
1249 1085 1537 1169 Qorum
1582 1078 1896 1171 Jugurtha
1941 1096 2199 1170 accepta
2245 1082 2524 1145 oratione

389 1206 739 1297 respondit:
824 1217 865 1247 “
913 1208 1038 1272 Sibi
1111 1231 1317 1296 neque
1382 1205 1578 1296 majus
1642 1206 1990 1296 quidquam
2059 1230 2265 1295 neque
2328 1209 2524 1272 carius

387 1338 745 1401 au&oritate
791 1337 995 1400 Senati
1026 1334 1189 1414 effe3
1240 1334 1316 1399 ab
1349 1332 1764 1399 adulescentia
1804 1336 1889 1399 ita
1920 1333 1979 1398 se
2021 1333 2279 1414 enisum,
2310 1336 2405 1399 uti
2445 1335 2524 1400 ab

387 1479 650 1551 optumo
676 1486 931 1551 quoque
964 1461 1366 1550 probaretur:
1416 1462 1663 1540 virtute,
1691 1486 1817 1525 non
1845 1460 2101 1541 malitia,
2129 1465 2197 1527 P.
2227 1464 2521 1552 Scipioni,

386 1588 628 1652 summo
677 1590 830 1667 vim,
886 1587 1215 1677 placuiffe:
1285 1586 1368 1651 ob
1419 1586 1664 1651 easdem
1715 1606 1870 1652 artes
1922 1587 2000 1653 ab
2051 1587 2334 1677 Micipsa,
2390 1613 2521 1654 non

384 1715 642 1802 penuria
698 1712 1058 1793 liberorum,
1112 1715 1177 1777 in
1230 1737 1495 1801 regnum
1547 1713 1915 1804 adoptatum
1966 1713 2104 1778 effe.
2222 1716 2521 1779 Ceterum

382 1865 511 1929 quo
564 1839 744 1929 plura
800 1841 957 1905 bene
1014 1857 1201 1929 atque
1257 1840 1499 1906 strenue
1558 1840 1815 1919 fecisset,
1872 1864 1949 1904 eo
2004 1841 2284 1904 animum
2339 1839 2520 1905 suum

378 1966 669 2055 injuriam
702 1970 906 2032 minus
942 1966 1239 2032 tolerare:
1293 1966 1721 2032 Adherbalem
1756 1965 1913 2031 dolis
1947 1967 2080 2030 vitae
2121 1965 2237 2031 suae
2268 1964 2518 2032 infidia-

381 2111 517 2158 tum
538 2121 557 2174 ;
599 2095 772 2183 quod
793 2095 900 2159 ubi
922 2094 1333 2184 comperifl'et,
1355 2093 1565 2158 sceleri
1590 2093 1721 2183 ejus
1743 2093 1989 2158 obviam
2009 2092 2133 2157 iffe.
2201 2093 2519 2183 Populum

380 2225 747 2285 Romanum
804 2245 1009 2309 neque
1066 2226 1228 2285 redte
1276 2245 1481 2309 neque
1544 2245 1656 2309 pro
1714 2219 1884 2284 bono
1941 2217 2269 2300 fafiurum‚
2336 2217 2385 2284 fi
2439 2220 2517 2285 ab

365 2348 507 2436 jure
556 2350 839 2436 gentium
879 2347 997 2413 sese
1040 2347 1466 2437 prohibuerit:
1526 2344 1838 2436 postremo
1877 2344 1956 2409 de
2007 2343 2296 2409 omnibus
2337 2345 2516 2411 rebus
2550 2363 2555 2366 “

378 2475 614 2563 legatos
651 2479 928 2540 Romam
962 2476 1128 2540 brevi
1171 2473 1554 2542 miffurum.'’
1653 2478 1748 2538 Ita
1780 2474 2028 2562 utrique
2062 2472 2512 2560 digrediuntur.

379 2599 752 2666 Adherbalis
785 2600 1142 2691 appellandi
1175 2603 1357 2691 copia
1388 2625 1519 2665 non
1549 2598 1684 2666 fuit.

1339 2859 1549 2911 XXIII.

500 2995 584 3096 ,3‘
711 2984 1164 3046 UGURTHA
1229 2981 1337 3047 ubi
1399 3008 1504 3048 eos
1555 2981 1773 3049 Africa
1828 2981 2136 3047 deceffiffe
2185 2997 2349 3047 ratus
2401 2981 2509 3062 est,

755 3133 960 3196 neque
982 3126 1234 3199 propter
1250 3108 1376 3175 loci
1397 3111 1935 3199 naturam‘Cirtam
1955 3110 2136 3174 armis
2154 3132 2510 3198 expugnare

756 3233 956 3323 potest
976 3262 996 3314 3
1049 3234 1211 3299 vallo
1243 3253 1430 3324 atque
1477 3234 1628 3301 foffa
1666 3237 1893 3299 moenia
1931 3235 2298 3316 circumdat,
2331 3237 2510 3300 turris

376 3357 628 3422 exstruit
659 3360 878 3447 easque
912 3358 1197 3449 praefidiis
1237 3359 1482 3427 firmat:
1533 3378 1825 3452 praeterea
1867 3363 1995 3427 dies
2037 3360 2367 3450 noctesque
2400 3378 2509 3426 aut

374 3509 485 3573 per
504 3486 628 3549 vim
650 3503 757 3549 aut
777 3486 933 3551 dolis
953 3505 1188 3553 tentare
1199 3512 1219 3570 3
1255 3487 1673 3553 defensoribus
1694 3490 1998 3554 moenium
2018 3490 2267 3577 praemia
2286 3487 2503 3567 mode,

374 3611 567 3676 modo
634 3610 1035 3679 formidinem
1099 3614 1442 3695 ostentare3
1517 3615 1652 3680 suos
1716 3613 2027 3679 hortando
2081 3613 2159 3679 ad
2214 3614 2502 3677 virtutem
