2722 4146
650 307 1054 369 BELLUM
1124 307 1914 394 JUGURTHINUM.
2266 311 2352 392 67

232 484 528 563 Romani,
552 481 740 548 Italiae
767 509 915 573 opes
947 508 1239 549 maxume
1265 486 1596 562 attriverat,
1624 478 1958 562 Mafiniffa,
1981 507 2088 547 rex
2122 485 2357 548 Numi-

228 609 468 689 darum,
501 611 567 674 in
607 612 944 676 amicitiam
991 627 1274 700 receptus
1320 635 1357 675 a
1401 615 1471 676 P.
1509 612 1816 699 Scipione,
1851 612 1956 674 cui
2001 635 2356 699 cognomen

226 733 436 824 postea
454 735 756 802 Africano
788 762 866 802 ex
898 740 1121 802 virtute
1154 735 1292 816 fuit,
1318 737 1518 802 multa
1550 754 1613 802 et
1643 735 1931 826 praeclara
1961 739 2049 802 rei
2080 736 2355 803 militaris

225 861 499 929 facinora
546 862 815 930 fecerat:
874 865 956 929 ob
999 889 1157 953 quae,
1198 865 1364 929 victis
1413 862 2020 952 Carthaginiensibus
2063 882 2128 930 et
2170 883 2354 956 capto

224 989 526 1081 Syphace,
550 989 723 1080 cujus
755 993 821 1056 in
843 989 1058 1057 Africa
1082 1016 1386 1080 magnum
1418 1009 1605 1081 atque
1638 991 1761 1057 late
1786 995 2118 1082 imperium
2138 993 2351 1074 valuit,

225 1116 494 1207 populus
528 1121 874 1197 Romanu8,
908 1117 1330 1207 quascumque
1359 1118 1540 1184 urbes
1572 1136 1636 1184 et
1659 1143 1836 1207 agros
1869 1144 2060 1184 manu
2082 1135 2352 1208 ceperat,

222 1244 354 1330 regi
378 1243 548 1307 dono
573 1242 764 1308 dedit.
831 1245 1030 1330 Igitur
1053 1246 1324 1309 amicitia
1349 1241 1671 1309 Masmiffae
1699 1243 1863 1308 bona
1886 1259 2072 1332 atque
2097 1242 2354 1308 honesta

221 1369 397 1434 nobis
447 1366 819 1458 permanfit:
883 1369 987 1434 sed
1036 1372 1279 1459 imperii
1323 1372 1583 1458 vitaeque
1617 1369 1747 1459 ejus
1798 1367 1939 1434 finis
1990 1371 2160 1434 idem
2210 1369 2347 1435 fuit.

220 1496 468 1561 Deinde
518 1497 782 1586 Micipsa
835 1495 999 1562 filius
1048 1521 1315 1585 regnum
1363 1495 1522 1561 solus
1579 1496 1874 1575 obtinuit,
1927 1495 2351 1561 Mastanabale

219 1639 285 1687 et
325 1621 584 1688 Guluffa
635 1621 922 1689 fratribus
969 1624 1192 1689 morbo
1235 1623 1588 1713 absumptis,
1706 1628 1764 1687 Is
1809 1622 2236 1688 Adherbalem
2288 1640 2353 1687 et

219 1748 645 1839 Hiempsalem
695 1774 774 1814 ex
827 1749 947 1816 sese
1002 1753 1221 1839 genuit
1245 1778 1267 1831 3
1340 1749 1870 1842 Jugurthamque,
1915 1748 2349 1815 Mastanabalis

218 1873 415 1941 fratris
447 1873 674 1956 filium,
707 1901 899 1965 quem
931 1876 1262 1958 Mafiniffa,
1296 1877 1469 1967 quod
1500 1894 1670 1943 ortus
1702 1901 1780 1942 ex
1812 1876 2164 1941 concubina
2197 1892 2346 1956 erat,

217 2004 525 2093 privatum
566 2002 996 2093 dereliquerat,
1036 2006 1263 2072 eodem
1305 2005 1502 2086 cultu,
1537 2030 1666 2094 quo
1709 2003 1931 2069 liberos
1975 2002 2132 2083 su08‚
2173 2002 2347 2068 dorni

219 2127 454 2195 habuit.

1233 2386 1330 2438 VI.

495 2512 628 2574 UI
682 2509 792 2575 ubi
846 2511 1121 2599 primum
1175 2509 1464 2590 adolevit,
1521 2508 1761 2599 pollens
1815 2507 2063 2587 viribuS,
2119 2507 2346 2572 decora

494 2648 505 2672 '¹
579 2635 758 2717 facie,
798 2636 904 2702 sed
946 2635 1149 2702 multo
1189 2655 1479 2702 maxume
1520 2637 1774 2725 ingenio
1813 2634 2070 2714 validuS,
2111 2658 2240 2698 non
2284 2632 2344 2697 se

505 2782 519 2794 ³
577 2763 753 2828 luxui
790 2787 994 2852 neque
1027 2763 1255 2827 inertiae
1290 2763 1821 2852 corrumpendum
1854 2762 2065 2840 dedit3
2116 2759 2219 2824 sed
2249 2760 2343 2823 uti

212 2916 347 2958 mos
385 2894 583 2980 gentis
626 2889 789 2956 illius
822 2888 929 2969 est,
963 2892 1264 2978 equitare,
1297 2889 1582 2979 jaculari,
1616 2891 1791 2957 cursu
1827 2916 1974 2957 cum
2004 2887 2341 2979 aequalibus

213 3036 446 3085 certare
470 3048 486 3085 t
529 3036 593 3084 et
623 3043 822 3107 quum
847 3041 1064 3082 omnes
1090 3017 1287 3106 gloria
1309 3020 1590 3099 anteiret,
1616 3019 1904 3083 omnibus
1929 3035 2139 3083 tamen
2166 3041 2340 3081 carus

211 3144 370 3209 effe:
428 3145 509 3209 ad
556 3143 680 3208 hoc
727 3142 1020 3232 pleraque
1070 3160 1355 3233 tempora
1400 3145 1466 3206 in
1511 3142 1799 3207 venando
1842 3166 2047 3229 agere,
2091 3139 2341 3205 leonem

213 3288 399 3360 atque
430 3270 575 3336 alias
607 3269 762 3336 feras
795 3272 1029 3359 primus
1049 3287 1158 3334 aut
1176 3272 1242 3334 in
1268 3271 1478 3359 primis
1500 3266 1678 3333 ferire
1704 3297 1719 3333 :
1770 3267 2112 3358 plurimum
2139 3264 2341 3331 facere

212 3414 277 3462 et
306 3400 640 3462 minimum
669 3396 794 3487 ipse
821 3397 899 3462 de
926 3396 984 3462 se
1015 3396 1212 3486 loqui.
1321 3395 1564 3484 Qibus
1595 3394 1775 3459 rebus
1808 3392 2072 3482 Micipsa
2101 3388 2342 3455 tametfi

211 3526 390 3588 initio
432 3523 603 3588 laetus
650 3522 870 3603 fuerat,
905 3521 1276 3587 existumans
1314 3524 1605 3587 virtutem
1638 3517 1963 3611 Jugurthae
2005 3540 2199 3603 regno
2231 3514 2340 3579 suo

212 3649 418 3738 gloriae
451 3649 607 3731 fore,
633 3667 864 3731 tamen,
892 3649 1222 3739 postquam
1254 3648 1581 3714 hominem
1612 3645 2095 3724 adulescentem,
2130 3648 2342 3718 exacta
