2722 4146
1016 283 1537 348 CATILINA.
2247 307 2329 368 27

218 459 562 549 obstrepere
603 481 841 537 omneS,
884 455 1124 522 hostem
1165 474 1352 547 atque
1395 459 1763 548 parricidam
1805 484 2045 525 vocare.
2160 463 2334 526 Tum

216 585 322 650 ille
354 583 719 650 furibundus
747 611 764 650 z
814 591 856 623 “
889 585 1187 672 quoniam
1220 584 1474 672 quidem
1506 586 1981 667 circumventuS,
2006 589 2230 676 inquit,
2256 587 2334 652 ab

215 713 478 776 inimicis
510 735 778 801 praeceps
809 733 980 799 agor,
1012 710 1376 776 incendium
1408 736 1622 777 meum
1651 715 1828 778 ruina
1857 712 2292 803 restinguam.'’

1153 966 1387 1019 XXXII.

553 1092 709 1154 EIN
732 1088 791 1154 se
816 1113 893 1154 ex
917 1092 1086 1155 curia
1110 1090 1373 1155 domum
1397 1095 1720 1182 proripuit.
1788 1094 1884 1158 Ibi
1908 1094 2106 1160 multa
2129 1094 2336 1160 secum

523 1280 536 1300 N
595 1214 719 1304 ipse
751 1213 1022 1296 volvem,
1057 1217 1229 1305 quod
1262 1242 1465 1307 neque
1496 1218 1724 1285 infidiae
1759 1221 1994 1286 consuli
2037 1224 2337 1312 procede-

596 1340 766 1420 bant,
815 1357 878 1406 et
931 1341 1009 1406 ab
1056 1342 1351 1407 incendio
1398 1344 1798 1433 intellegebat
1842 1347 2062 1411 urbem
2115 1347 2339 1436 vigiliis

216 1469 545 1548 munitam,
599 1484 934 1558 optumum
989 1466 1153 1534 factu
1211 1469 1488 1551 credenS,
1543 1474 1885 1537 exercitum
1942 1497 2189 1561 augere,
2244 1499 2340 1554 ac,

217 1595 382 1683 prius
415 1618 605 1683 quam
642 1593 916 1683 legiones
955 1595 1378 1678 scriberentur,
1410 1614 1796 1687 antecapere,
1833 1623 1967 1688 quae
2013 1598 2177 1664 bello
2210 1600 2344 1665 usui

217 1718 425 1786 forent
447 1747 468 1801 3
518 1727 699 1787 nocte
725 1722 1090 1814 intempesta
1122 1749 1269 1788 cum
1292 1727 1503 1814 paucis
1537 1727 1603 1789 in
1629 1724 1952 1791 Manliana
1977 1725 2166 1792 castra
2197 1752 2344 1816 pro-

217 1843 410 1912 fectus
450 1846 555 1914 est.
675 1849 795 1914 Sed
835 1850 1123 1938 Cethego
1157 1867 1344 1940 atque
1380 1850 1650 1916 Lentulo
1684 1852 2043 1942 ceterisque,
2076 1877 2346 1942 quorum

218 1991 600 2062 cognoverat
636 1993 992 2066 promptam
1034 1977 1381 2059 audaciam,
1414 1978 1692 2059 mandat,
1726 1979 1948 2068 quibus
1986 1979 2165 2044 rebus
2204 1980 2344 2070 pos-

219 2100 372 2182 sent,
425 2126 573 2191 opes
621 2100 900 2169 factionis
957 2102 1357 2185 confirment,
1414 2103 1658 2171 infidias
1714 2106 1950 2171 consuli
2012 2123 2345 2187 maturent,

222 2226 478 2306 caedem,
499 2228 789 2294 incendia
812 2227 1055 2318 aliaque
1081 2229 1227 2294 belli
1252 2229 1527 2297 facinora
1554 2249 1810 2321 parent:
1845 2232 1963 2298 sese
1983 2234 2347 2324 propediem

225 2378 373 2419 cum
403 2379 636 2443 magno
668 2358 939 2421 exercitu
971 2356 1050 2421 ad
1078 2356 1299 2422 urbem
1329 2358 1730 2427 acceffurum.

1151 2612 1415 2665 XXXIII.

602 2985 906 3050 mandatis
940 2985 1367 3075 hujuscemodi
1389 3017 1502 3053 :—

318 3117 360 3148 “
392 3114 565 3175 Deos
596 3109 1000 3201 hominesque
1034 3112 1347 3194 testamur,
1380 3119 1745 3205 Imperator,
1779 3141 1890 3180 nos
1929 3140 2099 3180 arma
2140 3139 2345 3203 neque

226 3252 441 3300 contra
471 3240 733 3326 patriam
765 3240 1009 3328 cepiffe,
1042 3265 1248 3329 neque
1282 3266 1409 3330 quo
1442 3243 1789 3330 periculum
1821 3240 1950 3306 aliis
1983 3240 2346 3320 faceremUS,

223 3359 327 3425 sed
376 3364 469 3426 uti
519 3388 778 3453 corpora
827 3365 1031 3431 nostra
1084 3369 1162 3432 ab
1205 3367 1424 3457 injuria
1470 3385 1605 3433 tuta
1651 3366 1898 3448 forent3
1969 3370 2077 3456 qui
2125 3366 2346 3446 miseri,

226 3503 495 3573 egenteS,
559 3490 852 3556 violentia
914 3510 1101 3582 atque
1166 3495 1528 3561 crudelitate
1591 3494 2009 3560 feneratorum
2072 3492 2350 3583 plerique

227 3617 440 3701 patria,
502 3615 606 3681 sed
665 3642 881 3683 omnes
956 3617 1122 3685 fama
1185 3636 1371 3709 atque
1436 3618 1694 3685 fortunis
1764 3636 2040 3708 expertes
2103 3618 2307 3683 sumus
2326 3645 2348 3698 3
