2722 4146
627 312 1029 374 BELLUM
1090 313 1873 400 JUGURTHINUM.
2228 338 2308 398 73

190 484 350 550 forte
404 484 533 574 ejus
584 485 778 550 domo
829 485 1135 565 utebatur,
1181 488 1312 575 qui,
1356 512 1695 576 proxumus
1746 488 1924 553 lictor
1964 476 2311 580 Jugurthae,

190 636 366 678 carus
397 611 807 700 acceptusque
841 613 900 676 ei
938 611 1175 701 semper
1206 611 1426 678 fuerat.
1526 618 1736 704 Qem
1779 613 1906 695 ille,
1940 615 2081 680 casu
2124 619 2314 682 mini-

190 737 381 803 strum
428 737 732 818 oblatum,
780 738 1082 827 promiffis
1131 757 1348 805 onerat
1393 739 1806 829 impellitque,
1850 743 1944 806 uti
1990 759 2314 832 tamquam

187 863 360 929 suam
399 863 590 929 visens
633 864 896 929 domum
940 882 1061 944 eat,
1093 883 1415 955 portarum
1456 866 1640 932 clavis
1684 867 2056 935 adulterinas
2099 888 2274 959 paret
2291 898 2312 950 3

189 993 360 1078 (nam
398 1015 552 1056 verae
595 991 676 1055 ad
720 991 1146 1080 Hiempsalem
1187 991 1607 1058 referebantur
1629 997 1671 1081 ε)
1726 1012 2026 1076 ceterum,
2072 996 2182 1061 ubi
2222 1022 2315 1061 res

188 1116 545 1208 postularet,
579 1117 637 1182 se
669 1117 870 1207 ipsum
902 1143 1051 1183 cum
1083 1143 1311 1207 magna
1353 1146 1546 1185 manu
1577 1138 1931 1189 venturum.
2030 1124 2317 1189 Numida

186 1244 481 1310 mandata
499 1244 667 1310 brevi
685 1242 996 1325 confecit3
1036 1263 1247 1334 atque,
1266 1264 1341 1311 ut
1359 1246 1576 1312 doetus
1601 1267 1753 1328 erat,
1777 1255 1966 1314 noctu
1991 1250 2316 1341 Jugurthae

186 1370 412 1436 milites
453 1371 812 1436 introducit.
918 1373 1048 1464 Qi
1089 1371 1420 1461 postquam
1463 1376 1530 1438 in
1573 1375 1716 1440 aedis
1759 1377 2054 1465 irrupere,
2100 1376 2319 1442 diverfi

184 1520 398 1585 regem
417 1521 719 1586 quaerere:
753 1497 1130 1563 dormientes
1155 1498 1327 1578 alios,
1347 1498 1497 1564 alios
1518 1500 1906 1566 occursantes
1933 1501 2315 1569 interficere:

184 1621 436 1687 scrutari
476 1621 616 1688 loca
662 1622 871 1688 abdita
890 1650 911 1703 3
969 1623 1172 1690 clausa
1219 1622 1586 1714 effringere:
1640 1625 1894 1717 strepitu
1938 1646 2002 1693 et
2043 1629 2319 1695 tumultu

184 1750 399 1815 omnia
435 1748 726 1815 miscere:
777 1774 978 1839 quum
1020 1753 1271 1817 interim
1303 1753 1627 1843 Hiempsal
1670 1757 1971 1844 reperitur
1999 1755 2319 1821 occultans

183 1874 244 1940 se
276 1877 342 1941 in
374 1878 627 1965 tugurio
669 1875 943 1942 mulieris
983 1878 1245 1960 ancillae,
1279 1904 1410 1968 quo
1454 1882 1632 1945 initio
1671 1882 1926 1970 pavidus
1969 1899 2033 1947 ct
2073 1884 2319 1970 ignarus

183 2001 309 2068 loci
360 2001 733 2093 perfugerat.
862 2008 931 2068 N
935 2005 1159 2071 umidae
1215 2023 1405 2096 caput
1459 2006 1611 2096 ejuS,
1667 2025 1741 2072 ut
1783 2006 1932 2097 jussi
1984 2027 2181 2090 erant,
2238 2010 2319 2075 ad

184 2129 564 2222 Jugurtham
593 2129 888 2196 referunt.

1171 2386 1329 2438 XIII.

183 2904 384 2978 partes
415 2886 739 2952 discedunt
764 2892 831 2951 N
834 2889 1060 2953 umidae
1082 2916 1097 2953 ε
1148 2888 1353 2979 plures
1378 2888 1803 2955 Adherbalem
1829 2890 2189 2979 sequuntur,
2216 2891 2319 2957 sed

183 3013 368 3079 illum
397 3013 660 3080 alterum
694 3013 860 3079 bello
892 3015 1197 3080 meliores.
1293 3018 1492 3104 Igitur
1524 3015 1838 3107 Jugurtha
1870 3042 2061 3106 quam
2094 3043 2316 3084 maxu-

183 3160 313 3205 mas
362 3140 562 3230 potest
611 3143 819 3230 copias
870 3160 1106 3207 armat:
1169 3142 1349 3207 urbes
1401 3146 1627 3231 partim
1664 3145 1745 3223 vi,
1800 3142 1945 3208 alias
1996 3143 2315 3210 voluntate

183 3269 446 3356 imperio
478 3267 587 3332 suo
619 3267 941 3357 adjungit:
1000 3271 1174 3332 omni
1218 3270 1536 3334 Numidiae
1582 3272 1897 3359 imperare.
1928 3288 2121 3359 parat.
2229 3276 2318 3335 At

184 3392 527 3475 Adherbal,
590 3393 831 3459 tametfi
902 3400 1179 3460 Romam
1240 3395 1474 3484 legatos
1537 3396 1800 3476 miserat,
1866 3400 1975 3486 qui
2038 3397 2317 3462 senatum

185 3520 483 3586 docerent
542 3521 621 3586 de
681 3521 846 3586 caede
904 3519 1100 3586 fratris
1164 3539 1229 3586 et
1293 3521 1556 3586 fortunis
1606 3521 1722 3586 suis
1740 3548 1761 3601 ;
1828 3540 2061 3602 tamen,
2127 3521 2317 3589 fretus

185 3646 582 3713 multitudine
632 3648 928 3729 militum,
984 3648 1239 3738 parabat
1294 3651 1475 3714 armis
1531 3648 1929 3714 contendere.
2043 3649 2163 3714 Sed
2210 3649 2318 3714 ubi

1252 3800 1286 3839 L
