<?xml version="1.0" encoding="UTF-8"?>
<!DOCTYPE html PUBLIC "-//W3C//DTD XHTML 1.0 Transitional//EN"
    "http://www.w3.org/TR/xhtml1/DTD/xhtml1-transitional.dtd">
<html xmlns="http://www.w3.org/1999/xhtml" xml:lang="en" lang="en">
 <head>
  <title>
</title>
<meta http-equiv="Content-Type" content="text/html;charset=utf-8" />
  <meta name='ocr-system' content='tesseract 3.04.00' />
  <meta name='ocr-capabilities' content='ocr_page ocr_carea ocr_par ocr_line ocrx_word'/>
</head>
<body>
  <div class='ocr_page' id='page_1' title='image "./operaquaeextanta00salluoft_0188.png"; bbox 0 0 2722 4146; ppageno 0'>
   <div class='ocr_carea' id='block_1_1' title="bbox 307 213 2180 302">
    <p class='ocr_par' dir='ltr' id='par_1_1' title="bbox 307 213 2180 302">
     <span class='ocr_line' id='line_1_1' title="bbox 307 213 2180 302; baseline 0.004 -30"><span class='ocrx_word' id='word_1_1' title='bbox 307 214 433 294; x_wconf 90' lang='lat'>178</span> <span class='ocrx_word' id='word_1_2' title='bbox 549 213 998 277; x_wconf 90' lang='lat' dir='ltr'>SALLUSTII</span> <span class='ocrx_word' id='word_1_3' title='bbox 1059 214 1418 277; x_wconf 91' lang='lat' dir='ltr'><strong>BELLUM</strong></span> <span class='ocrx_word' id='word_1_4' title='bbox 1476 214 2180 302; x_wconf 91' lang='lat' dir='ltr'>JUGURTHINUM.</span> 
     </span>
    </p>
   </div>
   <div class='ocr_carea' id='block_1_2' title="bbox 300 386 2433 1360">
    <p class='ocr_par' dir='ltr' id='par_1_2' title="bbox 300 386 2433 1360">
     <span class='ocr_line' id='line_1_2' title="bbox 300 386 2428 476; baseline 0.002 -25"><span class='ocrx_word' id='word_1_5' title='bbox 300 411 377 451; x_wconf 88' lang='lat' dir='ltr'>ex</span> <span class='ocrx_word' id='word_1_6' title='bbox 409 386 539 476; x_wconf 88' lang='lat' dir='ltr'>ejus</span> <span class='ocrx_word' id='word_1_7' title='bbox 572 388 871 454; x_wconf 91' lang='lat' dir='ltr'>sententia</span> <span class='ocrx_word' id='word_1_8' title='bbox 905 392 972 453; x_wconf 96' lang='lat' dir='ltr'>N</span> <span class='ocrx_word' id='word_1_9' title='bbox 976 389 1201 453; x_wconf 89' lang='lat' dir='ltr'>umidae</span> <span class='ocrx_word' id='word_1_10' title='bbox 1234 386 1480 454; x_wconf 87' lang='lat' dir='ltr'><strong>infidias</strong></span> <span class='ocrx_word' id='word_1_11' title='bbox 1518 388 1740 454; x_wconf 89' lang='lat' dir='ltr'>tendit.</span> <span class='ocrx_word' id='word_1_12' title='bbox 1838 389 2111 470; x_wconf 89' lang='lat' dir='ltr'>Deinde,</span> <span class='ocrx_word' id='word_1_13' title='bbox 2152 391 2261 455; x_wconf 93' lang='lat' dir='ltr'>ubi</span> <span class='ocrx_word' id='word_1_14' title='bbox 2299 391 2428 456; x_wconf 93' lang='lat' dir='ltr'>dies</span> 
     </span>
     <span class='ocr_line' id='line_1_3' title="bbox 300 514 2426 608; baseline 0.002 -30"><span class='ocrx_word' id='word_1_15' title='bbox 300 515 551 579; x_wconf 92' lang='lat' dir='ltr'>advenit</span> <span class='ocrx_word' id='word_1_16' title='bbox 581 532 646 580; x_wconf 89' lang='lat' dir='ltr'>et</span> <span class='ocrx_word' id='word_1_17' title='bbox 674 518 732 580; x_wconf 92' lang='lat' dir='ltr'>ei</span> <span class='ocrx_word' id='word_1_18' title='bbox 765 517 1138 586; x_wconf 84' lang='lat' dir='ltr'>nunciatum</span> <span class='ocrx_word' id='word_1_19' title='bbox 1166 514 1274 596; x_wconf 90' lang='lat' dir='ltr'>est,</span> <span class='ocrx_word' id='word_1_20' title='bbox 1308 514 1689 608; x_wconf 88' lang='lat' dir='ltr'>Jugurtham</span> <span class='ocrx_word' id='word_1_21' title='bbox 1724 514 1891 580; x_wconf 91' lang='lat' dir='ltr'>haud</span> <span class='ocrx_word' id='word_1_22' title='bbox 1932 515 2152 605; x_wconf 93' lang='lat' dir='ltr'>procul</span> <span class='ocrx_word' id='word_1_23' title='bbox 2183 516 2380 582; x_wconf 76' lang='lat' dir='ltr'>abefl‘e</span> <span class='ocrx_word' id='word_1_24' title='bbox 2405 543 2426 597; x_wconf 84' lang='lat'>3</span> 
     </span>
     <span class='ocr_line' id='line_1_4' title="bbox 301 640 2431 733; baseline 0.002 -29"><span class='ocrx_word' id='word_1_25' title='bbox 301 665 450 705; x_wconf 92' lang='lat' dir='ltr'>cum</span> <span class='ocrx_word' id='word_1_26' title='bbox 483 644 694 731; x_wconf 90' lang='lat' dir='ltr'>paucis</span> <span class='ocrx_word' id='word_1_27' title='bbox 726 644 938 708; x_wconf 90' lang='lat' dir='ltr'>amicis</span> <span class='ocrx_word' id='word_1_28' title='bbox 982 659 1046 708; x_wconf 92' lang='lat' dir='ltr'>et</span> <span class='ocrx_word' id='word_1_29' title='bbox 1078 641 1394 733; x_wconf 84' lang='lat' dir='ltr'>Qaestore</span> <span class='ocrx_word' id='word_1_30' title='bbox 1436 641 1667 724; x_wconf 89' lang='lat' dir='ltr'>nostro,</span> <span class='ocrx_word' id='word_1_31' title='bbox 1709 640 1882 733; x_wconf 88' lang='lat' dir='ltr'>quafi</span> <span class='ocrx_word' id='word_1_32' title='bbox 1922 643 2138 708; x_wconf 81' lang='lat' dir='ltr'>obvius</span> <span class='ocrx_word' id='word_1_33' title='bbox 2176 642 2431 709; x_wconf 86' lang='lat' dir='ltr'>honoris</span> 
     </span>
     <span class='ocr_line' id='line_1_5' title="bbox 302 768 2428 860; baseline 0.002 -27"><span class='ocrx_word' id='word_1_34' title='bbox 302 769 526 849; x_wconf 82' lang='lat' dir='ltr'>cauffa,</span> <span class='ocrx_word' id='word_1_35' title='bbox 560 771 847 860; x_wconf 85' lang='lat' dir='ltr'><strong>procedit</strong></span> <span class='ocrx_word' id='word_1_36' title='bbox 883 772 949 835; x_wconf 91' lang='lat' dir='ltr'>in</span> <span class='ocrx_word' id='word_1_37' title='bbox 993 769 1335 851; x_wconf 89' lang='lat' dir='ltr'>tumulum,</span> <span class='ocrx_word' id='word_1_38' title='bbox 1377 769 1771 836; x_wconf 88' lang='lat' dir='ltr'>facillumum</span> <span class='ocrx_word' id='word_1_39' title='bbox 1806 770 1934 835; x_wconf 90' lang='lat' dir='ltr'>visu</span> <span class='ocrx_word' id='word_1_40' title='bbox 1978 768 2428 837; x_wconf 76' lang='lat' dir='ltr'>insidiantibus,</span> 
     </span>
     <span class='ocr_line' id='line_1_6' title="bbox 304 896 2433 989; baseline 0.001 -30"><span class='ocrx_word' id='word_1_41' title='bbox 304 896 548 961; x_wconf 90' lang='lat' dir='ltr'>Eodem</span> <span class='ocrx_word' id='word_1_42' title='bbox 589 897 875 963; x_wconf 85' lang='lat' dir='ltr'>Numida</span> <span class='ocrx_word' id='word_1_43' title='bbox 904 922 1061 963; x_wconf 77' lang='lat' dir='ltr'>vcum</span> <span class='ocrx_word' id='word_1_44' title='bbox 1103 898 1408 989; x_wconf 88' lang='lat' dir='ltr'>plerisque</span> <span class='ocrx_word' id='word_1_45' title='bbox 1454 897 1795 963; x_wconf 82' lang='lat' dir='ltr'>neceffariis</span> <span class='ocrx_word' id='word_1_46' title='bbox 1840 897 1978 978; x_wconf 80' lang='lat' dir='ltr'>suiS‚</span> <span class='ocrx_word' id='word_1_47' title='bbox 2021 899 2294 978; x_wconf 82' lang='lat' dir='ltr'>inermiS,</span> <span class='ocrx_word' id='word_1_48' title='bbox 2338 899 2433 963; x_wconf 90' lang='lat' dir='ltr'>uti</span> 
     </span>
     <span class='ocr_line' id='line_1_7' title="bbox 303 1022 2431 1114; baseline 0.001 -27"><span class='ocrx_word' id='word_1_49' title='bbox 303 1022 541 1088; x_wconf 60' lang='lat' dir='ltr'>dietum</span> <span class='ocrx_word' id='word_1_50' title='bbox 573 1038 724 1105; x_wconf 82' lang='lat' dir='ltr'>erat,</span> <span class='ocrx_word' id='word_1_51' title='bbox 771 1026 1016 1091; x_wconf 92' lang='lat' dir='ltr'>accedit</span> <span class='ocrx_word' id='word_1_52' title='bbox 1042 1054 1058 1091; x_wconf 74' lang='grc' dir='ltr'><strong><em>ε</em></strong></span> <span class='ocrx_word' id='word_1_53' title='bbox 1086 1051 1183 1091; x_wconf 58' lang='grc' dir='ltr'>ηε</span> <span class='ocrx_word' id='word_1_54' title='bbox 1222 1023 1448 1105; x_wconf 89' lang='lat' dir='ltr'>statim,</span> <span class='ocrx_word' id='word_1_55' title='bbox 1494 1023 1671 1114; x_wconf 88' lang='lat' dir='ltr'>figno</span> <span class='ocrx_word' id='word_1_56' title='bbox 1711 1023 1883 1105; x_wconf 91' lang='lat' dir='ltr'>dato,</span> <span class='ocrx_word' id='word_1_57' title='bbox 1925 1024 2210 1114; x_wconf 89' lang='lat' dir='ltr'>undique</span> <span class='ocrx_word' id='word_1_58' title='bbox 2249 1022 2431 1090; x_wconf 91' lang='lat' dir='ltr'>fimul</span> 
     </span>
     <span class='ocr_line' id='line_1_8' title="bbox 303 1148 2432 1245; baseline 0.001 -31"><span class='ocrx_word' id='word_1_59' title='bbox 303 1173 381 1214; x_wconf 85' lang='lat' dir='ltr'>ex</span> <span class='ocrx_word' id='word_1_60' title='bbox 437 1148 667 1216; x_wconf 88' lang='lat' dir='ltr'>infidiis</span> <span class='ocrx_word' id='word_1_61' title='bbox 720 1152 1049 1219; x_wconf 86' lang='lat' dir='ltr'>invaditur.</span> <span class='ocrx_word' id='word_1_62' title='bbox 1160 1154 1372 1218; x_wconf 91' lang='lat' dir='ltr'>Ceteri</span> <span class='ocrx_word' id='word_1_63' title='bbox 1428 1152 1823 1219; x_wconf 86' lang='lat' dir='ltr'>obtruncati:</span> <span class='ocrx_word' id='word_1_64' title='bbox 1885 1151 2199 1245; x_wconf 88' lang='lat' dir='ltr'>Jugurtha</span> <span class='ocrx_word' id='word_1_65' title='bbox 2250 1151 2432 1217; x_wconf 87' lang='lat' dir='ltr'>Sullae</span> 
     </span>
     <span class='ocr_line' id='line_1_9' title="bbox 303 1278 2066 1360; baseline 0.003 -20"><span class='ocrx_word' id='word_1_66' title='bbox 303 1278 538 1342; x_wconf 70' lang='lat' dir='ltr'>vinctus</span> <span class='ocrx_word' id='word_1_67' title='bbox 572 1278 854 1360; x_wconf 85' lang='lat' dir='ltr'>traditur,</span> <span class='ocrx_word' id='word_1_68' title='bbox 888 1297 950 1345; x_wconf 94' lang='lat' dir='ltr'>et</span> <span class='ocrx_word' id='word_1_69' title='bbox 981 1279 1058 1355; x_wconf 88' lang='lat' dir='ltr'>ab</span> <span class='ocrx_word' id='word_1_70' title='bbox 1091 1305 1168 1345; x_wconf 91' lang='lat' dir='ltr'>eo</span> <span class='ocrx_word' id='word_1_71' title='bbox 1200 1280 1281 1346; x_wconf 89' lang='lat' dir='ltr'>ad</span> <span class='ocrx_word' id='word_1_72' title='bbox 1314 1282 1592 1346; x_wconf 89' lang='lat' dir='ltr'>Marium</span> <span class='ocrx_word' id='word_1_73' title='bbox 1625 1279 1927 1346; x_wconf 67' lang='lat' dir='ltr'>deductus</span> <span class='ocrx_word' id='word_1_74' title='bbox 1960 1278 2066 1346; x_wconf 88' lang='lat' dir='ltr'>est.</span> 
     </span>
    </p>
   </div>
   <div class='ocr_carea' id='block_1_3' title="bbox 1271 1535 1473 1588">
    <p class='ocr_par' dir='ltr' id='par_1_3' title="bbox 1271 1535 1473 1588">
     <span class='ocr_line' id='line_1_10' title="bbox 1271 1535 1473 1588; baseline 0 0"><span class='ocrx_word' id='word_1_75' title='bbox 1271 1535 1473 1588; x_wconf 91' lang='lat' dir='ltr'><strong>CXIV.</strong></span> 
     </span>
    </p>
   </div>
   <div class='ocr_carea' id='block_1_4' title="bbox 330 1622 2434 1750">
    <p class='ocr_par' dir='ltr' id='par_1_4' title="bbox 330 1622 2434 1773">
     <span class='ocr_line' id='line_1_11' title="bbox 330 1622 2434 1750; baseline -0.001 -28"><span class='ocrx_word' id='word_1_76' title='bbox 330 1663 385 1674; x_wconf 87' lang='lat'>&#39;‘</span> <span class='ocrx_word' id='word_1_77' title='bbox 406 1664 426 1672; x_wconf 80' lang='grc'><em>“</em></span> <span class='ocrx_word' id='word_1_78' title='bbox 450 1696 497 1733; x_wconf 69' lang='lat'>·‹,.</span> <span class='ocrx_word' id='word_1_79' title='bbox 558 1655 613 1686; x_wconf 37' lang='grc' dir='ltr'>Ἢ</span> <span class='ocrx_word' id='word_1_80' title='bbox 626 1661 745 1723; x_wconf 94' lang='lat' dir='ltr'>ER</span> <span class='ocrx_word' id='word_1_81' title='bbox 793 1659 965 1724; x_wconf 90' lang='lat' dir='ltr'>idem</span> <span class='ocrx_word' id='word_1_82' title='bbox 997 1676 1243 1750; x_wconf 87' lang='lat' dir='ltr'>tempus</span> <span class='ocrx_word' id='word_1_83' title='bbox 1275 1622 1597 1726; x_wconf 89' lang='lat' dir='ltr'>adversum</span> <span class='ocrx_word' id='word_1_84' title='bbox 1631 1655 1844 1722; x_wconf 92' lang='lat' dir='ltr'>Gallos</span> <span class='ocrx_word' id='word_1_85' title='bbox 1883 1657 1960 1721; x_wconf 95' lang='lat' dir='ltr'>ab</span> <span class='ocrx_word' id='word_1_86' title='bbox 2001 1655 2262 1721; x_wconf 93' lang='lat' dir='ltr'>ducibus</span> <span class='ocrx_word' id='word_1_87' title='bbox 2294 1654 2434 1720; x_wconf 89' lang='lat' dir='ltr'>nos-</span> 
     </span>
    </p>
   </div>
   <div class='ocr_carea' id='block_1_5' title="bbox 302 1642 625 1968">
    <p class='ocr_par' dir='ltr' id='par_1_5' title="bbox 302 1642 625 1968">
     <span class='ocr_line' id='line_1_12' title="bbox 302 1642 625 1968; baseline 0 2178"><span class='ocrx_word' id='word_1_88' title='bbox 302 1642 625 1968; x_wconf 95' lang='lat' dir='ltr'> </span> 
     </span>
    </p>
   </div>
   <div class='ocr_carea' id='block_1_6' title="bbox 303 1753 2517 2997">
    <p class='ocr_par' dir='ltr' id='par_1_6' title="bbox 303 1753 2517 2997">
     <span class='ocr_line' id='line_1_13' title="bbox 342 1753 2433 1890; baseline -0.003 -38"><span class='ocrx_word' id='word_1_89' title='bbox 342 1788 374 1820; x_wconf 64' lang='lat'>*</span> <span class='ocrx_word' id='word_1_90' title='bbox 413 1753 450 1872; x_wconf 27' lang='lat' dir='ltr'><em>j</em></span> <span class='ocrx_word' id='word_1_91' title='bbox 492 1866 513 1890; x_wconf 31' lang='grc' dir='ltr'>ἱ</span> <span class='ocrx_word' id='word_1_92' title='bbox 572 1825 607 1869; x_wconf 49' lang='lat' dir='ltr'>‘x</span> <span class='ocrx_word' id='word_1_93' title='bbox 671 1787 776 1851; x_wconf 89' lang='lat' dir='ltr'>tris</span> <span class='ocrx_word' id='word_1_94' title='bbox 820 1789 1234 1878; x_wconf 73' lang='lat' dir='ltr'>QCaepione</span> <span class='ocrx_word' id='word_1_95' title='bbox 1268 1804 1332 1852; x_wconf 95' lang='lat' dir='ltr'>et</span> <span class='ocrx_word' id='word_1_96' title='bbox 1378 1791 1504 1853; x_wconf 92' lang='lat' dir='ltr'>Gn.</span> <span class='ocrx_word' id='word_1_97' title='bbox 1540 1783 1785 1850; x_wconf 91' lang='lat' dir='ltr'>Manlio</span> <span class='ocrx_word' id='word_1_98' title='bbox 1838 1782 2000 1848; x_wconf 90' lang='lat' dir='ltr'>male</span> <span class='ocrx_word' id='word_1_99' title='bbox 2041 1798 2433 1872; x_wconf 86' lang='lat' dir='ltr'>pugnatum3</span> 
     </span>
     <span class='ocr_line' id='line_1_14' title="bbox 671 1909 2440 2003; baseline -0.003 -24"><span class='ocrx_word' id='word_1_100' title='bbox 671 1939 801 2003; x_wconf 90' lang='lat' dir='ltr'>quo</span> <span class='ocrx_word' id='word_1_101' title='bbox 845 1931 1021 1979; x_wconf 89' lang='lat' dir='ltr'>metu</span> <span class='ocrx_word' id='word_1_102' title='bbox 1065 1912 1246 1979; x_wconf 91' lang='lat' dir='ltr'>Italia</span> <span class='ocrx_word' id='word_1_103' title='bbox 1291 1915 1494 1978; x_wconf 88' lang='lat' dir='ltr'>omnis</span> <span class='ocrx_word' id='word_1_104' title='bbox 1534 1927 2012 1978; x_wconf 90' lang='lat' dir='ltr'>contremuerat.</span> <span class='ocrx_word' id='word_1_105' title='bbox 2112 1909 2335 1998; x_wconf 91' lang='lat' dir='ltr'>Ibique</span> <span class='ocrx_word' id='word_1_106' title='bbox 2374 1926 2440 1975; x_wconf 90' lang='lat' dir='ltr'>et</span> 
     </span>
     <span class='ocr_line' id='line_1_15' title="bbox 303 2035 2439 2131; baseline -0.002 -24"><span class='ocrx_word' id='word_1_107' title='bbox 303 2043 451 2108; x_wconf 92' lang='lat' dir='ltr'>inde</span> <span class='ocrx_word' id='word_1_108' title='bbox 484 2041 678 2131; x_wconf 90' lang='lat' dir='ltr'>usque</span> <span class='ocrx_word' id='word_1_109' title='bbox 711 2041 790 2106; x_wconf 93' lang='lat' dir='ltr'>ad</span> <span class='ocrx_word' id='word_1_110' title='bbox 823 2040 1095 2107; x_wconf 89' lang='lat' dir='ltr'>nostram</span> <span class='ocrx_word' id='word_1_111' title='bbox 1127 2043 1498 2106; x_wconf 89' lang='lat' dir='ltr'>memoriam</span> <span class='ocrx_word' id='word_1_112' title='bbox 1532 2040 1811 2104; x_wconf 91' lang='lat' dir='ltr'>Romani</span> <span class='ocrx_word' id='word_1_113' title='bbox 1843 2035 1928 2102; x_wconf 89' lang='lat' dir='ltr'>fic</span> <span class='ocrx_word' id='word_1_114' title='bbox 1960 2036 2272 2102; x_wconf 85' lang='lat' dir='ltr'>habuere:</span> <span class='ocrx_word' id='word_1_115' title='bbox 2319 2035 2439 2102; x_wconf 88' lang='lat' dir='ltr'>alia</span> 
     </span>
     <span class='ocr_line' id='line_1_16' title="bbox 305 2143 2440 2258; baseline -0.002 -24"><span class='ocrx_word' id='word_1_116' title='bbox 305 2171 518 2234; x_wconf 92' lang='lat' dir='ltr'>omnia</span> <span class='ocrx_word' id='word_1_117' title='bbox 549 2170 757 2234; x_wconf 92' lang='lat' dir='ltr'>virtuti</span> <span class='ocrx_word' id='word_1_118' title='bbox 792 2167 908 2233; x_wconf 87' lang='lat' dir='ltr'>suae</span> <span class='ocrx_word' id='word_1_119' title='bbox 942 2192 1140 2258; x_wconf 91' lang='lat' dir='ltr'>prona</span> <span class='ocrx_word' id='word_1_120' title='bbox 1173 2167 1333 2247; x_wconf 84' lang='lat' dir='ltr'>effe3</span> <span class='ocrx_word' id='word_1_121' title='bbox 1367 2191 1516 2232; x_wconf 91' lang='lat' dir='ltr'>cum</span> <span class='ocrx_word' id='word_1_122' title='bbox 1541 2166 1738 2232; x_wconf 89' lang='lat' dir='ltr'>Gallis</span> <span class='ocrx_word' id='word_1_123' title='bbox 1770 2191 1884 2256; x_wconf 91' lang='lat' dir='ltr'>pro</span> <span class='ocrx_word' id='word_1_124' title='bbox 1914 2164 2127 2244; x_wconf 88' lang='lat' dir='ltr'>salute,</span> <span class='ocrx_word' id='word_1_125' title='bbox 2161 2143 2440 2254; x_wconf 68' lang='lat' dir='ltr'>nonsp&#39;ro</span> 
     </span>
     <span class='ocr_line' id='line_1_17' title="bbox 307 2290 2517 2384; baseline -0.002 -24"><span class='ocrx_word' id='word_1_126' title='bbox 307 2295 504 2384; x_wconf 87' lang='lat' dir='ltr'>gloria</span> <span class='ocrx_word' id='word_1_127' title='bbox 536 2311 789 2361; x_wconf 90' lang='lat' dir='ltr'>certare.</span> <span class='ocrx_word' id='word_1_128' title='bbox 865 2295 982 2360; x_wconf 91' lang='lat' dir='ltr'>Sed</span> <span class='ocrx_word' id='word_1_129' title='bbox 1017 2293 1347 2384; x_wconf 88' lang='lat' dir='ltr'>postquam</span> <span class='ocrx_word' id='word_1_130' title='bbox 1381 2293 1619 2360; x_wconf 91' lang='lat' dir='ltr'>bellum</span> <span class='ocrx_word' id='word_1_131' title='bbox 1650 2295 1715 2359; x_wconf 92' lang='lat' dir='ltr'>in</span> <span class='ocrx_word' id='word_1_132' title='bbox 1751 2293 2059 2358; x_wconf 90' lang='lat' dir='ltr'>Numidia</span> <span class='ocrx_word' id='word_1_133' title='bbox 2082 2290 2441 2357; x_wconf 67' lang='lat' dir='ltr'>confectum</span> <span class='ocrx_word' id='word_1_134' title='bbox 2513 2339 2517 2342; x_wconf 85' lang='lat'><em>-</em></span> 
     </span>
     <span class='ocr_line' id='line_1_18' title="bbox 306 2414 2437 2513; baseline -0.003 -26"><span class='ocrx_word' id='word_1_135' title='bbox 306 2440 368 2487; x_wconf 91' lang='lat' dir='ltr'>et</span> <span class='ocrx_word' id='word_1_136' title='bbox 430 2420 812 2513; x_wconf 83' lang='lat' dir='ltr'>Jugurtham</span> <span class='ocrx_word' id='word_1_137' title='bbox 877 2425 1156 2487; x_wconf 65' lang='lat' dir='ltr'>vinctum</span> <span class='ocrx_word' id='word_1_138' title='bbox 1227 2421 1460 2487; x_wconf 90' lang='lat' dir='ltr'>adduci</span> <span class='ocrx_word' id='word_1_139' title='bbox 1534 2424 1811 2485; x_wconf 91' lang='lat' dir='ltr'>Romam</span> <span class='ocrx_word' id='word_1_140' title='bbox 1877 2419 2245 2482; x_wconf 87' lang='lat' dir='ltr'>nunciatum</span> <span class='ocrx_word' id='word_1_141' title='bbox 2310 2414 2397 2481; x_wconf 90' lang='lat' dir='ltr'>est</span> <span class='ocrx_word' id='word_1_142' title='bbox 2417 2439 2437 2497; x_wconf 91' lang='lat'>;</span> 
     </span>
     <span class='ocr_line' id='line_1_19' title="bbox 308 2545 2443 2634; baseline -0.004 -18"><span class='ocrx_word' id='word_1_143' title='bbox 308 2552 546 2616; x_wconf 90' lang='lat' dir='ltr'>Marius</span> <span class='ocrx_word' id='word_1_144' title='bbox 603 2545 841 2615; x_wconf 90' lang='lat' dir='ltr'>Consul</span> <span class='ocrx_word' id='word_1_145' title='bbox 897 2549 1109 2616; x_wconf 88' lang='lat' dir='ltr'>absens</span> <span class='ocrx_word' id='word_1_146' title='bbox 1163 2547 1359 2615; x_wconf 68' lang='lat' dir='ltr'>factus</span> <span class='ocrx_word' id='word_1_147' title='bbox 1415 2546 1523 2628; x_wconf 93' lang='lat' dir='ltr'>est,</span> <span class='ocrx_word' id='word_1_148' title='bbox 1581 2564 1645 2612; x_wconf 93' lang='lat' dir='ltr'>et</span> <span class='ocrx_word' id='word_1_149' title='bbox 1708 2549 1767 2611; x_wconf 91' lang='lat' dir='ltr'>ei</span> <span class='ocrx_word' id='word_1_150' title='bbox 1822 2546 2072 2611; x_wconf 88' lang='lat' dir='ltr'>decreta</span> <span class='ocrx_word' id='word_1_151' title='bbox 2126 2545 2443 2634; x_wconf 88' lang='lat' dir='ltr'>provincia</span> 
     </span>
     <span class='ocr_line' id='line_1_20' title="bbox 309 2670 2443 2768; baseline -0.004 -25"><span class='ocrx_word' id='word_1_152' title='bbox 309 2677 532 2744; x_wconf 90' lang='lat' dir='ltr'>Gallia.</span> <span class='ocrx_word' id='word_1_153' title='bbox 634 2677 813 2768; x_wconf 89' lang='lat' dir='ltr'>Isque</span> <span class='ocrx_word' id='word_1_154' title='bbox 862 2677 1163 2743; x_wconf 88' lang='lat' dir='ltr'>Kalendis</span> <span class='ocrx_word' id='word_1_155' title='bbox 1196 2680 1237 2768; x_wconf 92' lang='lat' dir='ltr'>J</span> <span class='ocrx_word' id='word_1_156' title='bbox 1240 2679 1505 2743; x_wconf 89' lang='lat' dir='ltr'>anuariis</span> <span class='ocrx_word' id='word_1_157' title='bbox 1544 2698 1774 2763; x_wconf 88' lang='lat' dir='ltr'>magna</span> <span class='ocrx_word' id='word_1_158' title='bbox 1813 2672 2009 2761; x_wconf 88' lang='lat' dir='ltr'>gloria</span> <span class='ocrx_word' id='word_1_159' title='bbox 2053 2670 2290 2737; x_wconf 91' lang='lat' dir='ltr'>Consul</span> <span class='ocrx_word' id='word_1_160' title='bbox 2331 2672 2443 2735; x_wconf 88' lang='lat' dir='ltr'>tri-</span> 
     </span>
     <span class='ocr_line' id='line_1_21' title="bbox 304 2796 2438 2896; baseline -0.004 -26"><span class='ocrx_word' id='word_1_161' title='bbox 304 2804 646 2894; x_wconf 90' lang='lat' dir='ltr'>umphavit.</span> <span class='ocrx_word' id='word_1_162' title='bbox 749 2809 841 2869; x_wconf 94' lang='lat' dir='ltr'>Ea</span> <span class='ocrx_word' id='word_1_163' title='bbox 888 2803 1252 2895; x_wconf 88' lang='lat' dir='ltr'>tempestate</span> <span class='ocrx_word' id='word_1_164' title='bbox 1302 2804 1433 2896; x_wconf 89' lang='lat' dir='ltr'>spes</span> <span class='ocrx_word' id='word_1_165' title='bbox 1481 2821 1671 2894; x_wconf 91' lang='lat' dir='ltr'>atque</span> <span class='ocrx_word' id='word_1_166' title='bbox 1716 2825 1863 2891; x_wconf 88' lang='lat' dir='ltr'>opes</span> <span class='ocrx_word' id='word_1_167' title='bbox 1911 2801 2172 2866; x_wconf 86' lang='lat' dir='ltr'>civitatis</span> <span class='ocrx_word' id='word_1_168' title='bbox 2215 2800 2283 2864; x_wconf 93' lang='lat' dir='ltr'>in</span> <span class='ocrx_word' id='word_1_169' title='bbox 2327 2796 2438 2863; x_wconf 90' lang='lat' dir='ltr'>illo</span> 
     </span>
     <span class='ocr_line' id='line_1_22' title="bbox 310 2927 2329 2997; baseline -0.002 -1"><span class='ocrx_word' id='word_1_170' title='bbox 310 2930 453 2997; x_wconf 90' lang='lat' dir='ltr'>fitae.</span> <span class='ocrx_word' id='word_1_171' title='bbox 2326 2927 2329 2931; x_wconf 64' lang='grc'>’</span> 
     </span>
    </p>
   </div>
   <div class='ocr_carea' id='block_1_7' title="bbox 1124 3155 1632 3553">
    <p class='ocr_par' dir='ltr' id='par_1_7' title="bbox 1124 3155 1632 3553">
     <span class='ocr_line' id='line_1_23' title="bbox 1124 3155 1632 3553; baseline 0 593"><span class='ocrx_word' id='word_1_172' title='bbox 1124 3155 1632 3553; x_wconf 95' lang='lat' dir='ltr'> </span> 
     </span>
    </p>
   </div>
  </div>
 </body>
</html>
