2722 4146
370 257 497 319 140
894 240 969 300 c,
1043 237 1364 299 CRISPI
1433 237 1939 299 SALLusTu

1268 536 1580 590 LXXVIII.

375 734 380 744 ,
484 668 504 681 Χ
539 659 757 812 ἷᾷᾸ)
801 660 1109 751 oppidum
1149 661 1226 726 ab
1274 661 1539 725 Sidoniis
1584 658 1912 724 conditum
1955 657 2062 740 est,
2103 684 2257 749 quos
2307 686 2487 727 acce-

489 811 512 851 ⁷·
552 789 640 851 ’,ιι
739 790 964 877 pimu3‚
1009 784 1309 877 profugos
1354 785 1436 850 ob
1481 783 1808 850 discordias
1859 785 2074 866 civilis,
2119 787 2373 852 navibus
2422 790 2489 852 in

674 884 682 906 ι
739 939 843 979 eos
867 913 1038 978 locos
1062 911 1315 978 veniffe:
1367 928 1647 977 ceterum
1677 909 1861 977 fitum
1892 913 2052 977 inter
2084 912 2233 978 duas
2265 917 2487 1004 SyrteS,

362 1040 585 1130 quibus
628 1064 863 1104 nomen
906 1063 985 1103 ex
1025 1063 1090 1103 re
1131 1038 1422 1104 inditum.
1523 1041 1697 1103 Nam
1739 1036 1868 1101 duo
1906 1035 2048 1102 sunt
2088 1035 2251 1103 finus
2293 1062 2489 1129 prope

362 1170 427 1232 in
461 1184 737 1232 extrema
767 1164 1006 1246 Africa,
1039 1167 1303 1254 impares
1346 1164 1801 1253 magnitudine,
1835 1166 1970 1254 pari
2014 1181 2270 1231 natura:
2326 1190 2491 1255 quo-

358 1318 500 1358 rum
531 1317 835 1383 proxuma
867 1309 1036 1358 terrae
1070 1291 1318 1382 praealta
1349 1290 1489 1356 sunt
1506 1317 1527 1371 3
1577 1307 1804 1371 cetera,
1836 1293 1931 1356 uti
1974 1290 2098 1357 fors
2142 1292 2307 1374 tulit,
2338 1291 2484 1374 alta,

362 1420 481 1486 alia
512 1423 578 1485 in
611 1419 972 1510 tempestate
1003 1418 1244 1485 vadosa.
1343 1422 1519 1483 Nam
1556 1418 1666 1483 ubi
1712 1443 1881 1484 mare
1925 1444 2228 1508 magnum
2268 1420 2388 1486 effe
2427 1437 2493 1486 et

362 1547 559 1613 saevire
584 1549 779 1612 ventis
813 1548 1023 1636 coepit,
1043 1545 1268 1610 limum
1291 1568 1668 1633 arenamque
1701 1562 1764 1610 et
1796 1545 1931 1611 saxa
1962 1548 2240 1634 ingentia
2268 1545 2490 1613 fluctus

363 1673 657 1740 trahunt:
699 1675 785 1738 ita
811 1671 995 1738 facies
1020 1671 1306 1737 locorum
1331 1696 1479 1736 cum
1503 1674 1698 1736 ventis
1725 1669 1905 1736 fimul
1930 1690 2224 1739 mutatur.
2291 1678 2492 1764 Syrtes

362 1801 439 1866 ab
490 1806 685 1866 trafi’m
737 1801 1090 1866 nominatae.
1202 1798 1351 1888 Ejus
1400 1801 1656 1864 civitatis
1699 1797 1914 1886 lingua
1960 1799 2155 1864 modo
2202 1799 2492 1866 conversa

362 1925 680 1991 connubio
715 1924 1178 1989 Numidarum:
1230 1924 1446 2013 legum
1477 1924 1801 2014 cultusque
1834 1924 2128 2015 pleraque
2161 1927 2488 1994 Sidonica:

361 2079 497 2143 quae
549 2077 627 2118 eo
678 2050 916 2117 facilius
970 2051 1341 2132 retinebant,
1391 2052 1565 2141 quod
1622 2050 1843 2141 procul
1891 2053 1970 2117 ab
2021 2055 2283 2142 imperio
2332 2056 2491 2143 regis

361 2198 604 2246 aetatem
636 2179 921 2268 agebant.
1011 2183 1180 2244 Inter
1212 2177 1350 2244 illos
1382 2196 1446 2244 et
1477 2178 1869 2268 frequentem
1904 2180 2277 2246 Numidiam
2310 2180 2492 2247 multi

362 2306 633 2397 vastique
665 2305 789 2372 loci
821 2323 1014 2371 erant.

1299 2564 1551 2617 LXXIX.

544 2689 808 2768 ὶΧΕΙ)
864 2687 1164 2774 quoniam
1220 2688 1287 2751 in
1346 2685 1454 2751 has
1511 2688 1793 2775 regiones
1856 2709 1965 2775 per
2020 2686 2492 2774 Leptitanorum

365 2687 401 2708 „

374 2733 377 2739 ’
471 2689 674 2942 iing

364 3087 745 3130 memorare:
806 3090 946 3130 eam
978 3091 1111 3132 rem
1142 3091 1255 3132 nos
1292 3065 1466 3131 locus
1504 3066 1851 3131 admonuit.
1950 3066 2094 3152 Qa
2132 3061 2491 3152 tempestate

733 2815 984 2901 negotia
1014 2815 1318 2894 venimuS,
1351 2838 1481 2877 non
1514 2813 1846 2901 indignum
1875 2811 2137 2891 videtur,
2170 2813 2492 2899 egregium

734 2956 921 3028 atque
970 2939 1250 3006 mirabile
1298 2938 1537 3005 facinus
1580 2939 1854 3004 duorum
1885 2933 2493 3024 Carthaginiensium

365 3189 897 3278 Carthaginienses
954 3193 1259 3283 pleraeque
1318 3192 1546 3259 Africae
1602 3192 2061 3283 imperitabant,
2112 3189 2490 3281 Cyrenenses

365 3339 617 3403 quoque
684 3321 896 3406 magni
962 3337 1149 3409 atque
1221 3319 1507 3410 opulenti
1575 3318 1768 3385 fuere.
1898 3322 2072 3405 Ager
2140 3319 2205 3382 in
2278 3316 2490 3381 medio

365 3442 671 3523 arenosuS,
723 3469 850 3510 una
912 3445 1155 3535 specie:
1237 3471 1442 3537 neque
1507 3444 1769 3526 flumen,
1826 3468 2031 3533 neque
2093 3467 2275 3508 mons
2337 3457 2488 3522 erat,

366 3568 476 3654 qui
514 3564 653 3633 finis
692 3594 912 3636 eorum
950 3571 1357 3641 discerneret:
1417 3598 1554 3663 quae
1591 3599 1684 3639 res
1727 3597 1832 3638 eos
1875 3573 1941 3636 in
1973 3593 2207 3658 magno
2245 3568 2489 3634 diutur-
