2722 4146
409 287 500 365 64
942 282 1017 343 C.
1091 279 1414 342 CRISPI
1485 277 1994 340 SALLUSTII

408 474 622 525 rentur
664 457 882 542 magis,
916 477 1109 542 quam
1140 467 1426 540 regerent
1458 450 1650 530 casus,
1683 467 1748 516 et
1794 475 1871 515 eo
1904 451 2349 539 magnitudinis
2398 477 2545 542 pro-

412 584 724 661 cederent,
758 582 853 645 uti
884 605 998 670 pro
1031 578 1394 644 mortalibus
1428 577 1627 667 gloria
1655 578 1865 642 aeterni
1897 573 2140 645 fierent.

1447 834 1519 885 ΙΙ.

424 962 719 1125 ἷλῖῖοῖ
696 962 875 1087 ΑΜ
905 960 998 1022 uti
1031 981 1227 1046 genus
1260 956 1594 1022 hominum
1619 953 2039 1045 compofitum
2070 953 2159 1019 est
2190 979 2266 1020 ex
2292 978 2550 1062 corpore

454 1062 504 1116 ’ί
633 1042 709 1130 ·’
782 1100 846 1147 et
893 1084 1122 1163 anima,
1157 1084 1243 1147 ita
1292 1107 1385 1147 res
1434 1087 1668 1146 cunetae
1717 1080 2040 1170 studiaque
2089 1083 2304 1146 omnia
2351 1079 2554 1146 nostra

592 1242 607 1257 r
692 1228 710 1252 >
784 1211 1059 1298 corporis
1093 1207 1234 1288 alia,
1270 1208 1389 1274 alia
1420 1210 1612 1274 animi
1645 1225 1932 1274 naturam
1966 1207 2326 1297 sequuntur.
2425 1209 2554 1296 Igi-

418 1354 517 1401 tur
549 1334 838 1425 praeclara
870 1334 1080 1416 facieS,
1107 1359 1348 1424 magnae
1382 1336 1628 1416 divitiae,
1649 1335 1728 1401 ad
1761 1334 1885 1400 hoc
1917 1337 2004 1400 vis
2040 1337 2312 1425 corporis
2343 1351 2407 1399 et
2437 1333 2556 1399 alia

418 1461 850 1552 hujuscemodi
880 1465 1094 1528 omnia
1118 1463 1287 1528 brevi
1320 1462 1721 1541 dilabuntur3
1772 1479 1835 1527 at
1854 1463 2092 1550 ingenii
2124 1463 2371 1550 egregia
2398 1459 2555 1526 faci-

420 1614 595 1670 nora,
628 1588 807 1655 ficuti
851 1592 1080 1669 anima,
1120 1588 1498 1654 immortalia
1545 1588 1702 1653 sunt.
1823 1587 2144 1653 Postremo
2183 1589 2456 1678 corporis
2494 1605 2558 1653 et

420 1716 682 1782 fortunae
706 1717 1038 1797 bonorum,
1056 1735 1129 1782 ut
1160 1719 1431 1797 initium,
1453 1714 1537 1782 fic
1570 1713 1711 1780 finis
1736 1713 1823 1780 est
1851 1743 1866 1779 ε
1919 1716 2256 1803 omniaque
2280 1730 2415 1778 orta
2446 1738 2558 1778 oc-

422 1845 644 1910 cidunt
705 1861 769 1909 et
831 1850 1010 1909 aue'ta
1059 1842 1421 1924 senescunt3
1491 1846 1733 1908 animus
1795 1844 2213 1931 incorruptus,
2274 1857 2557 1921 aeternUS,

422 1977 621 2037 testor
668 1971 927 2036 humani
959 1973 1222 2059 generis,
1267 1973 1398 2059 agit
1440 1987 1627 2060 atque
1667 1969 1856 2034 habet
1893 1974 2138 2049 cuneta,
2182 1993 2390 2058 neque
2433 1968 2558 2059 ipse

421 2098 704 2165 habetur.
804 2104 951 2188 Qo
984 2101 1180 2187 magis
1212 2101 1474 2189 pravitas
1494 2122 1714 2163 eorum
1745 2095 2109 2161 admiranda
2141 2093 2249 2175 est,
2283 2097 2415 2184 qui,
2447 2095 2561 2160 de-

422 2228 535 2292 diti
555 2228 827 2316 corporis
852 2226 1112 2314 gaudiis,
1134 2251 1244 2316 per
1263 2225 1486 2290 luxum
1506 2242 1694 2314 atque
1719 2224 2030 2312 ignaviam
2054 2238 2299 2287 aetatem
2324 2238 2558 2311 agunt:

423 2372 701 2421 ceterum
732 2355 1081 2442 ingenium,
1104 2378 1233 2443 quo
1254 2378 1460 2443 neque
1491 2351 1714 2418 melius
1748 2374 1955 2439 neque
1991 2348 2258 2439 amplius
2292 2347 2464 2414 aliud
2494 2351 2568 2414 in

423 2498 643 2546 natura
662 2479 1021 2546 mortalium
1041 2479 1149 2561 est,
1171 2480 1414 2546 incultu
1440 2498 1626 2570 atque
1647 2477 1925 2543 socordia
1944 2474 2286 2565 torpescere
2312 2473 2557 2541 smunt:

425 2633 624 2697 quum
656 2607 985 2698 praesertim
1020 2624 1148 2672 tam
1181 2607 1392 2674 multae
1425 2611 1726 2696 variaeque
1753 2603 1872 2670 sint
1904 2623 2059 2670 artes
2090 2605 2304 2685 animi,
2337 2604 2561 2694 quibus

425 2735 666 2800 summa
698 2734 1006 2801 claritudo
1037 2751 1306 2824 paratur.

1449 2991 1553 3044 ΙΙΙ.

756 3115 1016 3176 ERUM
1068 3137 1146 3178 ex
1200 3111 1294 3178 his
1350 3113 1738 3203 magistratus
1802 3129 1866 3178 et
1913 3113 2193 3202 imperia,
2250 3109 2561 3201 postremo

425 3103 752 3423 Q
802 3239 1003 3302 omnis
1038 3263 1187 3303 eura
1217 3264 1426 3304 rerum
1469 3239 1884 3330 publicarum,
1919 3241 2204 3303 minume
2245 3237 2401 3303 mihi
2442 3236 2561 3302 hac

802 3363 1160 3452 tempestate
1193 3366 1514 3456 cupiunda
1536 3368 1844 3447 videntur,
1878 3367 2178 3455 quoniam
2209 3389 2415 3454 neque
2439 3366 2561 3430 vir-

433 3489 551 3551 tuti
584 3486 784 3553 honos
818 3490 1019 3571 datur,
1052 3516 1258 3581 neque
1299 3493 1411 3574 illi,
1444 3494 1667 3583 quibus
1699 3519 1810 3585 per
1841 3492 2127 3559 fraudem
2170 3495 2218 3558 is
2262 3491 2402 3573 fuit,
2434 3494 2560 3557 uti-

431 3638 555 3703 que
590 3616 707 3679 tuti
738 3633 846 3680 aut
877 3641 955 3681 eo
987 3621 1181 3706 magis
1213 3619 1454 3686 honesti
1486 3622 1643 3688 sunt.
1764 3626 1937 3686 Nam
1968 3622 2028 3686 vi
2060 3619 2319 3709 quidem
2348 3643 2559 3708 regere
