2722 4146
1009 303 1526 367 CATILINA.
2245 320 2334 381 49

212 481 373 560 sane,
423 481 724 569 quoniam
772 481 861 543 ita
910 477 968 542 se
1018 502 1220 542 mores
1271 476 1524 556 habent,
1575 473 1851 540 liberales
1902 498 1980 539 ex
2030 472 2336 538 sociorum

210 605 494 685 fortuniS,
520 603 640 670 fint
662 604 1082 669 misericordes
1105 606 1171 668 in
1197 602 1432 667 furibus
1456 604 1646 667 aerarii
1674 629 1689 666 :
1741 625 1820 665 ne
1853 599 1945 665 illi
1976 600 2337 687 sanguinem

210 730 487 796 nostrum
531 731 889 819 largiantur,
935 749 1018 813 et,
1054 731 1208 795 dum
1255 731 1466 819 paucis
1516 727 1772 794 scelestis
1810 743 2096 816 parcunt,
2142 727 2339 791 bonos

210 860 410 923 omnis
460 858 775 948 perditum
814 875 978 927 eant.
1085 861 1251 921 Bene
1291 873 1356 921 et
1392 852 1731 944 composite
1766 858 1842 919 C.
1881 854 2078 920 Caesar
2124 852 2338 944 paullo

210 1002 352 1049 ante
383 986 448 1048 in
482 983 604 1049 hoc
637 984 853 1048 ordine
887 983 965 1047 de
998 984 1123 1047 vita
1152 998 1217 1046 et
1247 999 1447 1046 morte
1470 982 1772 1060 disseruit,
1808 981 2016 1060 cred0,
2050 979 2196 1045 falsa
2229 1005 2339 1044 ex-

148 1114 150 1116 ’
210 1109 504 1175 istumans
525 1135 620 1190 ea,
643 1135 777 1198 quae
800 1109 878 1174 de
904 1109 1111 1173 inferis
1138 1126 1600 1173 memorantur:
1643 1106 1878 1172 diverso
1904 1109 2119 1171 itinere
2145 1106 2341 1172 malos

211 1261 248 1303 a
290 1237 465 1302 bonis
508 1235 649 1301 loca
690 1252 866 1315 tetra,
911 1234 1170 1314 inculta,
1206 1233 1371 1299 foeda
1415 1251 1602 1323 atque
1649 1232 2049 1299 formidolosa
2091 1233 2339 1300 habere.

212 1368 432 1453 Itaque
474 1362 709 1427 censuit
746 1363 1038 1451 pecunias
1072 1385 1289 1425 eorum
1329 1360 1755 1450 publicandaS,
1788 1360 1947 1450 ipsos
1992 1385 2101 1449 per
2132 1363 2343 1425 muni-

212 1492 375 1579 cipia
418 1491 483 1554 in
517 1487 805 1553 custodiis
852 1485 1170 1551 habendos
1194 1513 1214 1566 3
1267 1485 1556 1551 videlicet
1603 1489 1849 1566 timenS,
1889 1512 1991 1566 ne,
2036 1485 2083 1551 fi
2123 1491 2343 1552 Romae

211 1614 352 1696 fint,
388 1633 496 1681 aut
527 1640 564 1680 a
595 1612 997 1704 popularibus
1035 1612 1500 1703 conjurationiS,
1535 1631 1643 1679 aut
1683 1640 1719 1679 a
1755 1613 2156 1679 multitudine
2190 1639 2345 1679 con-

214 1742 399 1808 ducta
443 1766 553 1832 per
594 1743 720 1806 vim
772 1743 1129 1830 eripiantur.
1241 1739 1431 1829 Qafi
1481 1766 1628 1806 vero
1678 1740 1828 1806 mali
1878 1757 2066 1829 atque
2118 1739 2347 1804 scelesti

214 1867 654 1934 tantummodo
686 1868 751 1931 in
785 1867 976 1947 Urbe,
998 1884 1062 1932 et
1084 1893 1212 1933 non
1246 1894 1356 1958 per
1381 1885 1578 1934 totam
1606 1868 1850 1933 Italiam
1874 1866 1994 1933 fint
2017 1895 2037 1948 3
2087 1884 2197 1932 aut
2218 1892 2346 1932 non

214 1995 300 2060 ibi
342 1993 481 2084 plus
532 1992 717 2083 poffit
767 1993 1047 2074 audacia,
1090 1994 1199 2058 ubi
1242 1993 1320 2058 ad
1360 1992 1828 2059 defendendum
1874 2020 2020 2084 opes
2078 1996 2347 2060 minores

215 2121 374 2185 sunt.
459 2125 671 2209 Qare
702 2143 934 2184 vanum
962 2120 1256 2208 equidem
1290 2118 1412 2185 hoc
1439 2119 1767 2186 confilium
1792 2121 1898 2202 est,
1923 2120 1971 2186 fi
2000 2120 2349 2211 periculum

217 2274 295 2315 ex
326 2248 444 2314 illis
476 2250 740 2328 metuit3
804 2246 894 2312 fin
933 2251 998 2312 in
1039 2264 1214 2313 tanto
1246 2250 1534 2312 omnium
1574 2264 1744 2312 metu
1785 2247 1942 2312 solus
1987 2272 2115 2311 non
2151 2249 2349 2326 timet,

218 2401 296 2441 eo
321 2377 516 2463 magis
560 2373 767 2454 refert,
803 2398 907 2440 me
939 2373 1096 2439 mihi
1126 2391 1312 2462 atque
1344 2374 1515 2438 vobis
1555 2376 1789 2439 timere.
1889 2379 2118 2463 Qare,
2153 2398 2349 2462 quum

221 2502 300 2567 de
350 2506 419 2567 P.
469 2501 738 2566 Lentulo
788 2501 1126 2590 ceterisque
1174 2499 1466 2579 statuetiS‚
1507 2525 1622 2589 pro
1671 2518 1843 2565 certo
1890 2499 2201 2579 habetote,
2245 2525 2349 2565 vos

220 2626 400 2693 fimul
426 2627 503 2692 de
523 2629 796 2691 exercitu
822 2626 1103 2692 Catilinae
1130 2643 1195 2691 et
1225 2627 1303 2691 de
1329 2627 1616 2691 omnibus
1643 2626 1972 2716 conjuratis
1998 2627 2346 2691 decernere.

224 2759 479 2843 Qanto
526 2778 631 2817 vos
669 2756 960 2818 attentius
1002 2778 1075 2818 ea
1117 2754 1330 2840 agetiS,
1375 2769 1549 2816 tanto
1592 2751 1708 2817 illis
1758 2755 1999 2818 animus
2047 2751 2351 2818 infirmior

222 2883 377 2960 erit3
436 2878 485 2944 fi
523 2878 874 2969 paullulum
918 2880 1112 2945 modo
1154 2905 1262 2944 vos
1300 2878 1594 2966 languere
1639 2879 1923 2959 viderint,
1956 2878 2093 2968 jam
2136 2905 2352 2945 omnes

224 3004 459 3071 feroces
503 3005 785 3070 aderunt.
888 3005 1106 3070 Nolite
1155 3004 1542 3085 existumare,
1587 3006 1847 3095 majores
1894 3006 2129 3072 nostros
2172 3010 2352 3074 armis

223 3130 677 3221 rempublicam
720 3156 798 3196 ex
842 3157 1028 3221 parva
1070 3156 1364 3219 magnam
1414 3131 1640 3197 feciffe.
1752 3135 1812 3197 Si
1850 3135 1934 3197 ita
1978 3132 2141 3225 [res]
2185 3133 2351 3215 effet,

226 3256 431 3323 multo
465 3256 975 3347 pulcherrumam
1006 3282 1147 3322 eam
1178 3282 1291 3322 nos
1325 3257 1691 3323 haberemus
1717 3283 1732 3319 ε
1785 3261 2017 3348 quippe
2049 3259 2354 3326 sociorum

227 3401 413 3472 atque
446 3385 699 3464 civium,
726 3401 1016 3473 praeterea
1046 3409 1365 3448 armorum
1399 3402 1586 3473 atque
1612 3409 1919 3472 equorum
1951 3385 2150 3475 major
2180 3387 2355 3451 nobis

229 3512 430 3599 copia,
452 3534 642 3598 quam
674 3510 815 3591 illis,
836 3510 940 3576 est.
1017 3510 1135 3575 Sed
1162 3509 1281 3574 alia
1306 3509 1499 3590 fuere,
1523 3534 1657 3598 quae
1685 3509 1819 3574 illos
1840 3535 2098 3599 magnos
2121 3511 2353 3592 fecere3

231 3659 365 3724 quae
391 3635 566 3700 nobis
590 3635 763 3701 nulla
788 3637 928 3701 sunt
942 3663 962 3716 3
1013 3637 1189 3701 dorni
1213 3635 1530 3717 industria,
1553 3635 1696 3702 foris
1719 3636 1959 3725 justum
1982 3641 2313 3728 imperium
2336 3668 2354 3719 3

1291 3788 1333 3827 H
