2722 4146
354 241 479 319 138
878 240 955 301 C.
1026 238 1352 301 CRISPI,
1415 237 1935 300 SALLUSTII

346 412 593 492 dicitur,
626 429 698 477 ut
729 436 802 477 ea
832 412 1023 477 modo
1055 413 1352 476 exercitui
1393 410 1529 476 satis
1562 409 1864 501 superque
1898 409 2076 478 foret.
2174 417 2472 478 Praeterea

345 555 728 603 commeatus
784 537 887 627 spe
939 537 1226 627 amplior,
1271 539 1419 627 quia
1473 538 1791 618 Numidae,
1844 535 2022 604 ficuti
2076 537 2355 630 plerique
2405 542 2471 605 in

346 688 507 728 nova
549 663 889 744 deditione,
934 663 1144 730 officia
1189 665 1605 732 intenderant.
1702 668 2002 730 Ceterum
2053 664 2277 731 milites
2326 664 2471 731 reli-

346 790 531 876 gione
576 788 785 878 pluvia
834 791 1030 877 magis
1073 787 1204 856 usi:
1272 815 1469 879 eaque
1518 816 1611 856 res
1659 790 1932 856 multum
1979 793 2198 857 animis
2255 817 2474 858 eorum

349 914 587 979 addidit
605 941 627 995 3
675 939 823 1007 nam
855 918 992 996 rati,
1026 895 1144 981 sese
1178 917 1292 982 diis
1324 917 1776 983 immortalibus
1811 943 1970 983 curae
2003 917 2142 983 effe.
2225 919 2473 984 Deinde

348 1041 593 1132 postero
642 1042 767 1123 die,
801 1060 1017 1108 contra
1059 1046 1424 1133 opinionem
1457 1043 1806 1137 Jugurthae,
1840 1044 1920 1109 ad
1951 1043 2222 1110 Thalam
2255 1047 2474 1135 perve-'

350 1171 552 1234 niunt.
651 1170 994 1259 Oppidani,
1026 1172 1136 1259 qui
1178 1170 1235 1236 se
1268 1171 1554 1237 locorum
1586 1171 1904 1261 asperitate
1951 1173 2246 1236 munitos
2273 1171 2475 1237 credi-

350 1297 590 1377 derant,
612 1321 840 1385 magna
866 1315 1053 1387 atque
1083 1298 1327 1365 insolita
1350 1325 1416 1365 re
1443 1297 1730 1390 perculfi,
1750 1298 1949 1364 nihilo
1974 1299 2215 1388 segnius
2239 1297 2476 1364 bellum

352 1448 600 1513 parare:
647 1423 819 1491 idem
849 1423 1040 1491 nostri
1073 1423 1296 1491 facere.

1298 1679 1550 1732 LXXVI.

625 1814 658 1851 *x
680 1807 798 1867 ΕΙ)
831 1828 959 1883 rex,
986 1802 1140 1868 nihil
1161 1802 1296 1892 jam
1321 1802 1622 1869 inscitum
1647 1801 1912 1867 Metello
1945 1801 2222 1882 credenS,
2244 1802 2478 1891 quippe

440 1958 472 1994 c
548 2000 564 2017 st
724 1932 834 2017 qui
889 1932 1124 2010 omnia,
1167 1955 1357 2011 arma,
1402 1929 1546 2010 tela,
1603 1929 1799 2009 locos,
1848 1946 2154 2018 tempora,
2207 1928 2479 2017 denique

723 2072 1007 2122 naturam
1067 2054 1283 2145 ipsam,
1348 2058 1561 2121 ceteris
1640 2057 2122 2146 imperitantem,
2183 2054 2482 2121 industria

352 2185 603 2262 vicerat,
624 2207 772 2247 cum
801 2182 1003 2248 liberis
1037 2201 1101 2248 et
1132 2207 1360 2270 magna
1392 2199 1563 2271 parte
1596 2183 1873 2271 pecuniae
1906 2204 1983 2245 ex
2016 2179 2254 2270 oppido
2288 2185 2476 2244 nostu

353 2308 633 2399 profugit
655 2338 675 2375 ι
722 2335 927 2399 neque
960 2309 1170 2400 postea
1201 2312 1265 2374 in
1290 2308 1424 2374 ullo
1454 2308 1596 2374 loco
1629 2306 1893 2397 amplius
1923 2331 2055 2372 uno
2086 2307 2186 2372 die
2217 2323 2326 2372 aut
2354 2331 2482 2372 una
2523 2342 2527 2345 ·

354 2440 534 2500 noete
596 2453 893 2516 moratUS‚
956 2434 1304 2518 fimulabat,
1368 2436 1486 2501 sese
1552 2437 1788 2523 negotii
1850 2436 2045 2523 gratia
2106 2458 2478 2523 properare3

354 2579 633 2626 ceterum
679 2562 1102 2651 proditionem
1147 2563 1426 2643 timebat,
1476 2587 1668 2652 quam
1714 2565 1903 2627 vitare
1947 2561 2119 2652 pofl‘e
2169 2560 2480 2626 celeritate

355 2689 655 2777 putabat,
717 2714 865 2754 nam
911 2689 1056 2755 talia
1104 2688 1358 2755 consilia
1398 2714 1509 2779 per
1540 2690 1741 2754 otium
1790 2706 1854 2754 et
1896 2713 1974 2754 ex
2017 2689 2481 2778 opportunitate

357 2818 513 2905 capi.
616 2821 708 2881 At
757 2815 1077 2897 MetelluS,
1130 2817 1238 2882 ubi
1294 2816 1642 2906 oppidanos
1694 2815 1904 2907 praelio
1955 2818 2247 2896 intentOS,
2299 2812 2483 2880 fimul

357 2943 662 3031 oppidum
710 2959 774 3006 et
811 2943 1098 3032 operibus
1143 2960 1207 3010 et
1249 2943 1394 3009 loco
1443 2946 1759 3009 munitum
1790 2944 1978 3024 videt,
2011 2942 2173 3009 vallo
2206 2940 2481 3031 foffaque

357 3070 587 3133 moenia
617 3071 1045 3134 circumvenit.
1149 3072 1397 3136 Deinde
1440 3067 1624 3160 jubet
1654 3071 1805 3136 locis
1846 3095 1923 3136 ex
1967 3071 2149 3159 copia
2190 3093 2480 3133 maxume

357 3194 593 3258 idoneis
656 3198 860 3260 vineas
923 3221 1126 3284 agere,
1191 3222 1483 3286 aggerem
1539 3197 1770 3287 jacere,
1833 3214 1898 3262 et
1951 3195 2129 3286 super
2191 3219 2482 3284 aggerem

359 3319 656 3410 impofitis
711 3322 975 3387 turribus
1019 3349 1176 3413 opus
1221 3342 1284 3388 et
1329 3323 1715 3389 administros
1765 3325 1970 3390 tutari.
2070 3326 2307 3388 Contra
2341 3320 2482 3386 ‘haec

360 3445 657 3534 oppidani
680 3444 984 3526 festinare,
1007 3473 1251 3537 parare:
1303 3450 1543 3539 prorsus
1575 3451 1652 3515 ab
1682 3450 1951 3539 utrisque
1983 3447 2140 3513 nihil
2172 3448 2483 3537 reliquum

360 3568 515 3640 fieri.
614 3574 905 3661 Denique
941 3578 1238 3656 Romani,
1272 3576 1473 3642 multo
1516 3595 1658 3642 ante
1703 3576 1912 3641 labore
1955 3573 2293 3665 praeliisque
2338 3572 2482 3639 fati-

2703 3043 2722 3079 *ss
2704 2926 2722 3025 'naum-¹
2707 2781 2722 2912 ...m-wa,-
