2722 4146
438 271 567 334 106
937 266 1014 331 C.
1082 265 1395 328 CRISPI
1463 263 1955 326 SALLUSTII

1424 689 1603 742 XLII.

565 883 579 902 ,
635 894 651 917 ·
716 821 741 895 J
760 819 898 881 AM
951 813 1279 904 postquam
1330 812 1614 878 Tiberius
1665 828 1729 877 et
1777 815 1854 877 C.
1903 810 2244 892 GracchuS,
2288 838 2558 903 quorum

650 973 728 1035 «χ
775 943 780 950 ’
806 941 1065 1032 majores
1092 943 1335 1007 Punico
1354 956 1541 1028 atque
1565 937 1695 1004 aliis
1721 937 1894 1005 bellis
1918 938 2191 1005 multum
2209 940 2557 1030 reipublicae

583 1042 625 1113 ’.τ
710 1050 743 1109 ἷ“
802 1069 1192 1149 addiderant,
1216 1067 1529 1133 vindicare
1555 1063 1805 1155 plebem
1835 1068 1908 1130 in'
1935 1064 2283 1134 libertatem
2307 1083 2371 1132 et
2401 1092 2559 1157 pau—

430 1217 651 1258 corum
689 1193 915 1262 scelera
962 1192 1311 1285 patefacere
1355 1217 1637 1282 coepere:
1694 1191 1979 1257 nobilitas
2020 1194 2210 1257 noxia
2250 1210 2437 1282 atque
2481 1218 2559 1260 eo

428 1318 725 1408 perculsa,
759 1321 954 1386 modo
996 1346 1107 1411 per
1146 1320 1342 1386 socios
1375 1344 1448 1385 ac
1481 1343 1714 1384 nomen
1749 1319 2067 1398 Latinum,
2098 1319 2414 1384 interdum
2451 1329 2562 1409 per

427 1449 665 1535 equites
723 1451 1070 1528 RomanOS‚
1125 1452 1282 1537 quos
1317 1449 1469 1537 'spes
1520 1446 1819 1511 societatis
1864 1459 1908 1510 'a
1961 1445 2140 1534 plebe
2197 1446 2559 1527 dimoverat,

429 1573 863 1640 Gracchorum
911 1576 1253 1641 actionibus
1302 1574 1547 1639 obviam
1598 1575 1789 1637 ierat:
1848 1587 1912 1635 et
1959 1572 2164 1660 primo
2210 1572 2558 1653 Tiberium,

428 1700 573 1766 de'in
599 1727 829 1791 paucos
854 1701 990 1792 post
1015 1728 1211 1768 annos
1235 1701 1458 1767 eadem
1488 1699 1941 1788 ingredientem
1966 1700 2215 1778 Caium,
2239 1689 2560 1765 tribunum

427 1827 592 1916 pleb.
627 1828 914 1909 alterum,
947 1829 1213 1895 alterum
1252 1830 1644 1894 triumvirum‘
1677 1824 1936 1891 coloniis
1968 1826 2378 1907 deducundiS,
2411 1852 2560 1892 cum

427 1958 522 2020 M.
548 1954 770 2021 Fulvio
795 1955 1022 2021 Flacco
1048 1954 1209 2020 ferro
1233 1971 1573 2020 necaverat.
1654 1957 1737 2016 Et
1760 1950 1900 2017 sane
1926 1950 2245 2031 GracchiS,
2266 1953 2560 2041 cupidine

427 2083 712 2162 victoriae,
746 2080 917 2147 haud
954 2082 1088 2148 satis
1120 2082 1473 2147 moderatus
1511 2082 1765 2145 animus·
1787 2077 1943 2148 fuit.
2025 2079 2146 2144 Sed
2189 2079 2358 2144 bono
2391 2083 2561 2168 vinci

426 2206 607 2272 satius
658 2206 766 2288 est,
818 2233 1010 2296 quam
1064 2207 1234 2273 malo
1286 2232 1462 2272 more
1513 2205 1805 2296 injuriam
1859 2210 2124 2274 vincere.
2239 2211 2439 2297 Igitur
2487 2235 2561 2297 ea

425 2336 676 2400 vidtoria
707 2335 994 2401 nobilitas
1020 2342 1098 2400 ex
1122 2334 1401 2401 lubidine
1426 2336 1532 2401 sua
1554 2335 1680 2414 usa,
1706 2334 1935 2400 multos
1959 2336 2234 2402 mortalis
2265 2336 2429 2403 ferro
2451 2356 2561 2409 aut

428 2459 578 2549 fuga
609 2460 915 2542 exstinxit,
948 2461 1208 2552 plusque
1241 2465 1307 2528 in
1338 2463 1651 2552 reliquum
1681 2460 1793 2527 fibi
1825 2465 2082 2543 timoriS,
2109 2488 2300 2552 quam
2331 2481 2558 2554 poten-

429 2590 546 2668 tiae,
589 2589 846 2654 addidit.
955 2593 1109 2679 Qae
1152 2615 1245 2655 res
1289 2590 1658 2680 plerumque
1696 2613 1951 2677 magnas
2000 2592 2271 2656 Civitates
2318 2591 2557 2681 peffum

429 2714 621 2794 dedit,
678 2715 832 2779 dum
895 2713 1071 2779 alteri
1125 2714 1346 2780 alteros
1403 2718 1648 2781 vincere
1709 2720 1926 2806 quovis
1982 2717 2197 2797 mod0,
2254 2734 2320 2783 et
2370 2721 2557 2784 victos

431 2838 707 2902 acerbius
758 2837 970 2903 ulcisci
1021 2839 1259 2904 volunt.
1366 2840 1486 2906 Sed
1535 2841 1614 2906 de
1662 2842 1873 2909 studiis
1922 2847 2195 2934 partium
2242 2861 2307 2910 et
2356 2849 2558 2911 omnis

431 2967 686 3030 civitatis
730 2965 1003 3030 moribus
1055 2963 1104 3030 fi
1154 2963 1508 3054 fingulatim
1558 2987 1667 3034 aut
1715 2995 1829 3060 pro
1872 2973 2301 3060 magnitudine
2344 2997 2557 3062 parem

433 3090 735 3170 differere,
757 3107 1001 3180 tempus
1027 3116 1219 3181 quam
1247 3118 1340 3158 res
1364 3098 1661 3161 maturius
1686 3121 1787 3162 me
1809 3096 2059 3163 deseret.
2129 3099 2555 3187 Qamobrem

433 3217 512 3283 ad
545 3219 867 3306 inceptum
899 3219 1105 3285 rede0.
